<?xml version="1.0" encoding="UTF-8"?>
<!DOCTYPE html PUBLIC "-//W3C//DTD XHTML 1.0 Transitional//EN"
    "http://www.w3.org/TR/xhtml1/DTD/xhtml1-transitional.dtd">
<html xmlns="http://www.w3.org/1999/xhtml" xml:lang="en" lang="en">
 <head>
  <title>
</title>
<meta http-equiv="Content-Type" content="text/html;charset=utf-8" />
  <meta name='ocr-system' content='tesseract 3.04.00' />
  <meta name='ocr-capabilities' content='ocr_page ocr_carea ocr_par ocr_line ocrx_word'/>
</head>
<body>
  <div class='ocr_page' id='page_1' title='image "./detabulailiacaq00paulgoog_0033.png"; bbox 0 0 2872 4912; ppageno 0'>
   <div class='ocr_carea' id='block_1_1' title="bbox 607 261 825 323">
    <p class='ocr_par' dir='ltr' id='par_1_1' title="bbox 607 261 825 323">
     <span class='ocr_line' id='line_1_1' title="bbox 607 261 825 323; baseline -0.005 -20"><span class='ocrx_word' id='word_1_1' title='bbox 607 261 825 323; x_wconf 58' lang='lat'>-24-</span> 
     </span>
    </p>
   </div>
   <div class='ocr_carea' id='block_1_2' title="bbox 126 435 1307 4236">
    <p class='ocr_par' dir='ltr' id='par_1_2' title="bbox 126 435 1307 4236">
     <span class='ocr_line' id='line_1_2' title="bbox 126 435 1299 526; baseline -0.003 -23"><span class='ocrx_word' id='word_1_2' title='bbox 126 439 327 526; x_wconf 77' lang='lat' dir='ltr'><strong>parietinam</strong></span> <span class='ocrx_word' id='word_1_3' title='bbox 352 438 536 522; x_wconf 81' lang='lat' dir='ltr'>imaginem</span> <span class='ocrx_word' id='word_1_4' title='bbox 560 437 727 523; x_wconf 89' lang='lat' dir='ltr'>quandam</span> <span class='ocrx_word' id='word_1_5' title='bbox 752 437 868 501; x_wconf 91' lang='lat' dir='ltr'>attulit</span> <span class='ocrx_word' id='word_1_6' title='bbox 891 435 1144 522; x_wconf 80' lang='lat' dir='ltr'>Pompeianam,</span> <span class='ocrx_word' id='word_1_7' title='bbox 1174 437 1299 521; x_wconf 89' lang='lat' dir='ltr'>inqua</span> 
     </span>
     <span class='ocr_line' id='line_1_3' title="bbox 127 552 1298 638; baseline -0.002 -18"><span class='ocrx_word' id='word_1_8' title='bbox 127 562 205 620; x_wconf 88' lang='lat' dir='ltr'>ante</span> <span class='ocrx_word' id='word_1_9' title='bbox 226 554 394 620; x_wconf 87' lang='lat' dir='ltr'>Achillem</span> <span class='ocrx_word' id='word_1_10' title='bbox 415 554 451 618; x_wconf 93' lang='lat' dir='ltr'>in</span> <span class='ocrx_word' id='word_1_11' title='bbox 475 555 557 618; x_wconf 92' lang='lat' dir='ltr'>sella</span> <span class='ocrx_word' id='word_1_12' title='bbox 581 553 782 638; x_wconf 88' lang='lat' dir='ltr'>sphingibus</span> <span class='ocrx_word' id='word_1_13' title='bbox 806 559 923 617; x_wconf 89' lang='lat' dir='ltr'>ornata</span> <span class='ocrx_word' id='word_1_14' title='bbox 947 552 1121 617; x_wconf 88' lang='lat' dir='ltr'>sedentem</span> <span class='ocrx_word' id='word_1_15' title='bbox 1146 553 1298 637; x_wconf 87' lang='lat' dir='ltr'>virgines</span> 
     </span>
     <span class='ocr_line' id='line_1_4' title="bbox 128 668 1298 756; baseline -0.001 -20"><span class='ocrx_word' id='word_1_16' title='bbox 128 671 213 737; x_wconf 87' lang='lat' dir='ltr'>duae</span> <span class='ocrx_word' id='word_1_17' title='bbox 238 670 492 756; x_wconf 88' lang='lat' dir='ltr'>conspiciuntur</span> <span class='ocrx_word' id='word_1_18' title='bbox 515 669 676 755; x_wconf 84' lang='lat' dir='ltr'>captivae.</span> <span class='ocrx_word' id='word_1_19' title='bbox 722 671 829 734; x_wconf 87' lang='lat' dir='ltr'>Recte</span> <span class='ocrx_word' id='word_1_20' title='bbox 849 669 988 734; x_wconf 89' lang='lat' dir='ltr'>Iahnius</span> <span class='ocrx_word' id='word_1_21' title='bbox 1012 671 1056 754; x_wconf 84' lang='lat' dir='ltr'>(p.</span> <span class='ocrx_word' id='word_1_22' title='bbox 1077 668 1131 750; x_wconf 81' lang='lat'>17)</span> <span class='ocrx_word' id='word_1_23' title='bbox 1155 671 1298 752; x_wconf 88' lang='lat' dir='ltr'>monuit,</span> 
     </span>
     <span class='ocr_line' id='line_1_5' title="bbox 128 785 1298 871; baseline -0.001 -19"><span class='ocrx_word' id='word_1_24' title='bbox 128 786 373 867; x_wconf 80' lang='lat' dir='ltr'>Diomedem,</span> <span class='ocrx_word' id='word_1_25' title='bbox 399 809 499 871; x_wconf 93' lang='lat' dir='ltr'>quem</span> <span class='ocrx_word' id='word_1_26' title='bbox 515 786 630 871; x_wconf 88' lang='lat' dir='ltr'>ectypi</span> <span class='ocrx_word' id='word_1_27' title='bbox 651 788 760 851; x_wconf 90' lang='lat' dir='ltr'>nostri</span> <span class='ocrx_word' id='word_1_28' title='bbox 776 785 954 871; x_wconf 72' lang='lat' dir='ltr'>inscriptio</span> <span class='ocrx_word' id='word_1_29' title='bbox 975 785 1138 869; x_wconf 91' lang='lat' dir='ltr'>nominat,</span> <span class='ocrx_word' id='word_1_30' title='bbox 1162 808 1204 850; x_wconf 90' lang='lat' dir='ltr'>eo</span> <span class='ocrx_word' id='word_1_31' title='bbox 1227 786 1298 851; x_wconf 90' lang='lat' dir='ltr'>loco</span> 
     </span>
     <span class='ocr_line' id='line_1_6' title="bbox 128 901 1298 988; baseline -0.001 -20"><span class='ocrx_word' id='word_1_32' title='bbox 128 904 265 968; x_wconf 93' lang='lat' dir='ltr'>omnino</span> <span class='ocrx_word' id='word_1_33' title='bbox 298 901 416 967; x_wconf 91' lang='lat' dir='ltr'>adesse</span> <span class='ocrx_word' id='word_1_34' title='bbox 444 924 511 967; x_wconf 89' lang='lat' dir='ltr'>non</span> <span class='ocrx_word' id='word_1_35' title='bbox 545 924 653 988; x_wconf 88' lang='lat' dir='ltr'>posse,</span> <span class='ocrx_word' id='word_1_36' title='bbox 687 902 766 987; x_wconf 88' lang='lat' dir='ltr'>quia</span> <span class='ocrx_word' id='word_1_37' title='bbox 794 902 831 967; x_wconf 91' lang='lat' dir='ltr'>in</span> <span class='ocrx_word' id='word_1_38' title='bbox 858 902 944 966; x_wconf 92' lang='lat' dir='ltr'>libro</span> <span class='ocrx_word' id='word_1_39' title='bbox 978 901 1108 966; x_wconf 89' lang='lat' dir='ltr'>decimo</span> <span class='ocrx_word' id='word_1_40' title='bbox 1141 902 1253 987; x_wconf 89' lang='lat' dir='ltr'>primo</span> <span class='ocrx_word' id='word_1_41' title='bbox 1281 926 1298 967; x_wconf 88' lang='lat' dir='ltr'>a</span> 
     </span>
     <span class='ocr_line' id='line_1_7' title="bbox 129 1017 1298 1101; baseline -0.001 -17"><span class='ocrx_word' id='word_1_42' title='bbox 129 1018 253 1084; x_wconf 91' lang='lat' dir='ltr'>Paride</span> <span class='ocrx_word' id='word_1_43' title='bbox 276 1019 474 1084; x_wconf 88' lang='lat' dir='ltr'>vulneratus</span> <span class='ocrx_word' id='word_1_44' title='bbox 497 1025 577 1101; x_wconf 90' lang='lat' dir='ltr'>erat,</span> <span class='ocrx_word' id='word_1_45' title='bbox 610 1018 755 1082; x_wconf 89' lang='lat' dir='ltr'>necdum</span> <span class='ocrx_word' id='word_1_46' title='bbox 779 1019 815 1082; x_wconf 92' lang='lat' dir='ltr'>in</span> <span class='ocrx_word' id='word_1_47' title='bbox 838 1017 901 1083; x_wconf 90' lang='lat' dir='ltr'>hoc</span> <span class='ocrx_word' id='word_1_48' title='bbox 925 1017 1012 1082; x_wconf 90' lang='lat' dir='ltr'>libro</span> <span class='ocrx_word' id='word_1_49' title='bbox 1041 1017 1172 1083; x_wconf 91' lang='lat' dir='ltr'>decimo</span> <span class='ocrx_word' id='word_1_50' title='bbox 1204 1025 1298 1084; x_wconf 86' lang='lat' dir='ltr'>sexto</span> 
     </span>
     <span class='ocr_line' id='line_1_8' title="bbox 127 1134 1297 1220; baseline 0.002 -21"><span class='ocrx_word' id='word_1_51' title='bbox 127 1158 188 1220; x_wconf 92' lang='lat' dir='ltr'>per</span> <span class='ocrx_word' id='word_1_52' title='bbox 214 1135 338 1200; x_wconf 89' lang='lat' dir='ltr'>vulnus</span> <span class='ocrx_word' id='word_1_53' title='bbox 365 1156 499 1219; x_wconf 89' lang='lat' dir='ltr'>pugnae</span> <span class='ocrx_word' id='word_1_54' title='bbox 530 1134 694 1198; x_wconf 76' lang='lat' dir='ltr'>interesse</span> <span class='ocrx_word' id='word_1_55' title='bbox 727 1139 860 1220; x_wconf 87' lang='lat' dir='ltr'>poterat</span> <span class='ocrx_word' id='word_1_56' title='bbox 892 1140 978 1198; x_wconf 87' lang='lat' dir='ltr'>teste</span> <span class='ocrx_word' id='word_1_57' title='bbox 1011 1135 1158 1199; x_wconf 85' lang='lat' dir='ltr'>Homero</span> <span class='ocrx_word' id='word_1_58' title='bbox 1189 1135 1232 1214; x_wconf 84' lang='lat' dir='ltr'>(v.</span> <span class='ocrx_word' id='word_1_59' title='bbox 1258 1137 1297 1201; x_wconf 77' lang='lat'>25</span> 
     </span>
     <span class='ocr_line' id='line_1_9' title="bbox 130 1248 1299 1334; baseline 0 -20"><span class='ocrx_word' id='word_1_60' title='bbox 130 1258 164 1314; x_wconf 94' lang='lat' dir='ltr'>et</span> <span class='ocrx_word' id='word_1_61' title='bbox 189 1250 254 1332; x_wconf 80' lang='lat'>74).</span> <span class='ocrx_word' id='word_1_62' title='bbox 303 1249 399 1328; x_wconf 77' lang='lat' dir='ltr'>Quod</span> <span class='ocrx_word' id='word_1_63' title='bbox 427 1273 508 1316; x_wconf 81' lang='lat' dir='ltr'>vero</span> <span class='ocrx_word' id='word_1_64' title='bbox 534 1251 748 1334; x_wconf 74' lang='lat' dir='ltr'>Polygnotus</span> <span class='ocrx_word' id='word_1_65' title='bbox 777 1248 887 1332; x_wconf 88' lang='lat' dir='ltr'>(Paus.</span> <span class='ocrx_word' id='word_1_66' title='bbox 912 1251 958 1332; x_wconf 89' lang='lat' dir='ltr'>X,</span> <span class='ocrx_word' id='word_1_67' title='bbox 983 1250 1071 1333; x_wconf 60' lang='lat' dir='ltr'>aaa)</span> <span class='ocrx_word' id='word_1_68' title='bbox 1100 1249 1299 1315; x_wconf 90' lang='lat' dir='ltr'>Diomeden</span> 
     </span>
     <span class='ocr_line' id='line_1_10' title="bbox 128 1365 1299 1452; baseline 0 -20"><span class='ocrx_word' id='word_1_69' title='bbox 128 1389 205 1432; x_wconf 87' lang='lat' dir='ltr'>oum</span> <span class='ocrx_word' id='word_1_70' title='bbox 236 1365 390 1431; x_wconf 89' lang='lat' dir='ltr'>Briseide</span> <span class='ocrx_word' id='word_1_71' title='bbox 419 1372 453 1430; x_wconf 90' lang='lat' dir='ltr'>et</span> <span class='ocrx_word' id='word_1_72' title='bbox 480 1365 602 1450; x_wconf 92' lang='lat' dir='ltr'>Iphide</span> <span class='ocrx_word' id='word_1_73' title='bbox 632 1365 788 1450; x_wconf 87' lang='lat' dir='ltr'>depinxit</span> <span class='ocrx_word' id='word_1_74' title='bbox 812 1366 990 1452; x_wconf 89' lang='lat' dir='ltr'>captivam,</span> <span class='ocrx_word' id='word_1_75' title='bbox 1029 1372 1131 1450; x_wconf 90' lang='lat' dir='ltr'>atque</span> <span class='ocrx_word' id='word_1_76' title='bbox 1158 1366 1299 1432; x_wconf 88' lang='lat' dir='ltr'>Iahnius</span> 
     </span>
     <span class='ocr_line' id='line_1_11' title="bbox 127 1481 1298 1568; baseline 0.001 -21"><span class='ocrx_word' id='word_1_77' title='bbox 127 1482 285 1568; x_wconf 88' lang='lat' dir='ltr'>probavit</span> <span class='ocrx_word' id='word_1_78' title='bbox 301 1481 489 1547; x_wconf 92' lang='lat' dir='ltr'>Diomeden</span> <span class='ocrx_word' id='word_1_79' title='bbox 505 1504 573 1546; x_wconf 90' lang='lat' dir='ltr'>una</span> <span class='ocrx_word' id='word_1_80' title='bbox 594 1504 669 1546; x_wconf 86' lang='lat' dir='ltr'>cum</span> <span class='ocrx_word' id='word_1_81' title='bbox 686 1481 821 1547; x_wconf 86' lang='lat' dir='ltr'>Achille</span> <span class='ocrx_word' id='word_1_82' title='bbox 837 1483 873 1546; x_wconf 89' lang='lat' dir='ltr'>in</span> <span class='ocrx_word' id='word_1_83' title='bbox 890 1482 980 1547; x_wconf 84' lang='lat' dir='ltr'>vasis</span> <span class='ocrx_word' id='word_1_84' title='bbox 996 1483 1102 1546; x_wconf 78' lang='lat' dir='ltr'>fuisse</span> <span class='ocrx_word' id='word_1_85' title='bbox 1119 1481 1298 1567; x_wconf 85' lang='lat' dir='ltr'>depictam,</span> 
     </span>
     <span class='ocr_line' id='line_1_12' title="bbox 132 1597 1300 1684; baseline 0.001 -21"><span class='ocrx_word' id='word_1_86' title='bbox 132 1621 206 1663; x_wconf 92' lang='lat' dir='ltr'>eam</span> <span class='ocrx_word' id='word_1_87' title='bbox 222 1598 350 1664; x_wconf 91' lang='lat' dir='ltr'>obrem</span> <span class='ocrx_word' id='word_1_88' title='bbox 368 1599 471 1662; x_wconf 90' lang='lat' dir='ltr'>etiam</span> <span class='ocrx_word' id='word_1_89' title='bbox 487 1598 524 1662; x_wconf 92' lang='lat' dir='ltr'>in</span> <span class='ocrx_word' id='word_1_90' title='bbox 539 1597 708 1683; x_wconf 88' lang='lat' dir='ltr'>parietina</span> <span class='ocrx_word' id='word_1_91' title='bbox 724 1598 782 1662; x_wconf 94' lang='lat' dir='ltr'>illa</span> <span class='ocrx_word' id='word_1_92' title='bbox 798 1598 947 1683; x_wconf 87' lang='lat' dir='ltr'>imagine</span> <span class='ocrx_word' id='word_1_93' title='bbox 964 1599 1105 1662; x_wconf 88' lang='lat' dir='ltr'>alteram</span> <span class='ocrx_word' id='word_1_94' title='bbox 1129 1599 1300 1684; x_wconf 88' lang='lat' dir='ltr'>captivam</span> 
     </span>
     <span class='ocr_line' id='line_1_13' title="bbox 128 1713 1301 1800; baseline 0.001 -21"><span class='ocrx_word' id='word_1_95' title='bbox 128 1713 330 1779; x_wconf 88' lang='lat' dir='ltr'>Diomeden</span> <span class='ocrx_word' id='word_1_96' title='bbox 375 1713 632 1799; x_wconf 87' lang='lat' dir='ltr'>appellaverim,</span> <span class='ocrx_word' id='word_1_97' title='bbox 684 1735 764 1778; x_wconf 89' lang='lat' dir='ltr'>nam</span> <span class='ocrx_word' id='word_1_98' title='bbox 810 1715 978 1779; x_wconf 89' lang='lat' dir='ltr'>Homerus</span> <span class='ocrx_word' id='word_1_99' title='bbox 1024 1715 1097 1800; x_wconf 91' lang='lat' dir='ltr'>ipse</span> <span class='ocrx_word' id='word_1_100' title='bbox 1147 1716 1301 1780; x_wconf 87' lang='lat' dir='ltr'>narravit</span> 
     </span>
     <span class='ocr_line' id='line_1_14' title="bbox 129 1829 1300 1914; baseline -0.001 -18"><span class='ocrx_word' id='word_1_101' title='bbox 129 1831 205 1914; x_wconf 75' lang='lat' dir='ltr'>(IX,</span> <span class='ocrx_word' id='word_1_102' title='bbox 242 1829 420 1913; x_wconf 76' lang='lat' dir='ltr'>tto—68),</span> <span class='ocrx_word' id='word_1_103' title='bbox 460 1835 537 1914; x_wconf 87' lang='lat' dir='ltr'>post</span> <span class='ocrx_word' id='word_1_104' title='bbox 571 1829 753 1914; x_wconf 89' lang='lat' dir='ltr'>legationis</span> <span class='ocrx_word' id='word_1_105' title='bbox 797 1830 982 1895; x_wconf 76' lang='lat' dir='ltr'>discessum</span> <span class='ocrx_word' id='word_1_106' title='bbox 1019 1830 1189 1895; x_wconf 85' lang='lat' dir='ltr'>Achillem</span> <span class='ocrx_word' id='word_1_107' title='bbox 1225 1853 1300 1896; x_wconf 89' lang='lat' dir='ltr'>cum</span> 
     </span>
     <span class='ocr_line' id='line_1_15' title="bbox 129 1946 1301 2030; baseline 0 -19"><span class='ocrx_word' id='word_1_108' title='bbox 129 1946 304 2030; x_wconf 84' lang='lat' dir='ltr'>Diomede,</span> <span class='ocrx_word' id='word_1_109' title='bbox 338 1946 530 2011; x_wconf 85' lang='lat' dir='ltr'>Patroclum</span> <span class='ocrx_word' id='word_1_110' title='bbox 560 1968 635 2010; x_wconf 90' lang='lat' dir='ltr'>cum</span> <span class='ocrx_word' id='word_1_111' title='bbox 668 1946 790 2030; x_wconf 92' lang='lat' dir='ltr'>Iphide</span> <span class='ocrx_word' id='word_1_112' title='bbox 814 1946 964 2012; x_wconf 89' lang='lat' dir='ltr'>cubitum</span> <span class='ocrx_word' id='word_1_113' title='bbox 989 1947 1103 2012; x_wconf 87' lang='lat' dir='ltr'>ivisse.</span> <span class='ocrx_word' id='word_1_114' title='bbox 1160 1947 1301 2012; x_wconf 79' lang='lat' dir='ltr'>Talibus</span> 
     </span>
     <span class='ocr_line' id='line_1_16' title="bbox 128 2061 1301 2147; baseline 0.001 -20"><span class='ocrx_word' id='word_1_115' title='bbox 128 2071 242 2128; x_wconf 91' lang='lat' dir='ltr'>autem</span> <span class='ocrx_word' id='word_1_116' title='bbox 267 2085 308 2127; x_wconf 88' lang='lat' dir='ltr'>ex</span> <span class='ocrx_word' id='word_1_117' title='bbox 332 2061 537 2146; x_wconf 83' lang='lat' dir='ltr'>imaginibus</span> <span class='ocrx_word' id='word_1_118' title='bbox 566 2061 694 2147; x_wconf 90' lang='lat' dir='ltr'>duplici</span> <span class='ocrx_word' id='word_1_119' title='bbox 718 2061 862 2146; x_wconf 89' lang='lat' dir='ltr'>quodam</span> <span class='ocrx_word' id='word_1_120' title='bbox 886 2085 995 2128; x_wconf 91' lang='lat' dir='ltr'>errore</span> <span class='ocrx_word' id='word_1_121' title='bbox 1020 2061 1196 2128; x_wconf 88' lang='lat' dir='ltr'>Diomedis</span> <span class='ocrx_word' id='word_1_122' title='bbox 1219 2063 1301 2128; x_wconf 87' lang='lat' dir='ltr'>titu-</span> 
     </span>
     <span class='ocr_line' id='line_1_17' title="bbox 128 2169 1301 2265; baseline 0.001 -22"><span class='ocrx_word' id='word_1_123' title='bbox 128 2179 198 2243; x_wconf 93' lang='lat' dir='ltr'>lum</span> <span class='ocrx_word' id='word_1_124' title='bbox 226 2169 421 2263; x_wconf 78' lang='grc' dir='ltr'><strong><em>[Διομήδης]</em></strong></span> <span class='ocrx_word' id='word_1_125' title='bbox 450 2179 486 2242; x_wconf 91' lang='lat' dir='ltr'>in</span> <span class='ocrx_word' id='word_1_126' title='bbox 515 2183 675 2263; x_wconf 89' lang='lat' dir='ltr'>ectypum</span> <span class='ocrx_word' id='word_1_127' title='bbox 708 2184 861 2243; x_wconf 92' lang='lat' dir='ltr'>nostrum</span> <span class='ocrx_word' id='word_1_128' title='bbox 889 2179 1066 2265; x_wconf 88' lang='lat' dir='ltr'>irrepsisse</span> <span class='ocrx_word' id='word_1_129' title='bbox 1097 2179 1301 2264; x_wconf 88' lang='lat' dir='ltr'>putaverim,</span> 
     </span>
     <span class='ocr_line' id='line_1_18' title="bbox 129 2293 1301 2380; baseline 0 -20"><span class='ocrx_word' id='word_1_130' title='bbox 129 2295 223 2360; x_wconf 88' lang='lat' dir='ltr'>cuius</span> <span class='ocrx_word' id='word_1_131' title='bbox 242 2295 358 2360; x_wconf 91' lang='lat' dir='ltr'>viriles</span> <span class='ocrx_word' id='word_1_132' title='bbox 374 2295 503 2379; x_wconf 88' lang='lat' dir='ltr'>figurae</span> <span class='ocrx_word' id='word_1_133' title='bbox 516 2294 609 2379; x_wconf 90' lang='lat' dir='ltr'>ipsae</span> <span class='ocrx_word' id='word_1_134' title='bbox 622 2294 750 2380; x_wconf 92' lang='lat' dir='ltr'>optime</span> <span class='ocrx_word' id='word_1_135' title='bbox 763 2293 930 2379; x_wconf 87' lang='lat' dir='ltr'>quadrant</span> <span class='ocrx_word' id='word_1_136' title='bbox 942 2295 980 2360; x_wconf 90' lang='lat' dir='ltr'>in</span> <span class='ocrx_word' id='word_1_137' title='bbox 992 2295 1133 2361; x_wconf 90' lang='lat' dir='ltr'>Homeri</span> <span class='ocrx_word' id='word_1_138' title='bbox 1146 2294 1301 2378; x_wconf 90' lang='lat' dir='ltr'>Iliadem,</span> 
     </span>
     <span class='ocr_line' id='line_1_19' title="bbox 128 2409 1302 2496; baseline 0.001 -21"><span class='ocrx_word' id='word_1_139' title='bbox 128 2410 187 2496; x_wconf 86' lang='lat' dir='ltr'>qni</span> <span class='ocrx_word' id='word_1_140' title='bbox 214 2433 253 2476; x_wconf 90' lang='lat' dir='ltr'>eo</span> <span class='ocrx_word' id='word_1_141' title='bbox 281 2411 354 2476; x_wconf 93' lang='lat' dir='ltr'>loco</span> <span class='ocrx_word' id='word_1_142' title='bbox 380 2409 526 2475; x_wconf 88' lang='lat' dir='ltr'>Achillis</span> <span class='ocrx_word' id='word_1_143' title='bbox 556 2409 653 2494; x_wconf 87' lang='lat' dir='ltr'>quasi</span> <span class='ocrx_word' id='word_1_144' title='bbox 680 2411 811 2495; x_wconf 87' lang='lat' dir='ltr'>legatos</span> <span class='ocrx_word' id='word_1_145' title='bbox 835 2411 1081 2495; x_wconf 86' lang='lat' dir='ltr'>Menestheum,</span> <span class='ocrx_word' id='word_1_146' title='bbox 1117 2410 1302 2493; x_wconf 84' lang='lat' dir='ltr'>Eudorum,</span> 
     </span>
     <span class='ocr_line' id='line_1_20' title="bbox 128 2525 1302 2610; baseline 0.003 -20"><span class='ocrx_word' id='word_1_147' title='bbox 128 2526 344 2609; x_wconf 89' lang='lat' dir='ltr'>Pisandrum,</span> <span class='ocrx_word' id='word_1_148' title='bbox 387 2526 602 2608; x_wconf 89' lang='lat' dir='ltr'>Phoenicem,</span> <span class='ocrx_word' id='word_1_149' title='bbox 642 2525 915 2592; x_wconf 81' lang='lat' dir='ltr'>Alcimedontem</span> <span class='ocrx_word' id='word_1_150' title='bbox 954 2527 1059 2610; x_wconf 87' lang='lat' dir='ltr'>(XVI,</span> <span class='ocrx_word' id='word_1_151' title='bbox 1103 2529 1181 2608; x_wconf 77' lang='lat'><strong>173;</strong></span> <span class='ocrx_word' id='word_1_152' title='bbox 1225 2529 1302 2610; x_wconf 76' lang='lat'>1793</span> 
     </span>
     <span class='ocr_line' id='line_1_21' title="bbox 131 2640 1304 2729; baseline 0.002 -22"><span class='ocrx_word' id='word_1_153' title='bbox 131 2645 209 2724; x_wconf 80' lang='lat'>1933</span> <span class='ocrx_word' id='word_1_154' title='bbox 235 2645 312 2725; x_wconf 79' lang='lat'>1963</span> <span class='ocrx_word' id='word_1_155' title='bbox 339 2640 416 2723; x_wconf 80' lang='lat'>197)</span> <span class='ocrx_word' id='word_1_156' title='bbox 444 2641 645 2706; x_wconf 86' lang='lat' dir='ltr'>nominavit.</span> <span class='ocrx_word' id='word_1_157' title='bbox 693 2641 790 2719; x_wconf 76' lang='lat' dir='ltr'>Quod</span> <span class='ocrx_word' id='word_1_158' title='bbox 818 2665 897 2707; x_wconf 92' lang='lat' dir='ltr'>vero</span> <span class='ocrx_word' id='word_1_159' title='bbox 925 2642 1077 2708; x_wconf 88' lang='lat' dir='ltr'>Achilles</span> <span class='ocrx_word' id='word_1_160' title='bbox 1106 2643 1304 2729; x_wconf 89' lang='lat' dir='ltr'>occipitium</span> 
     </span>
     <span class='ocr_line' id='line_1_22' title="bbox 129 2756 1300 2843; baseline 0 -20"><span class='ocrx_word' id='word_1_161' title='bbox 129 2781 233 2823; x_wconf 89' lang='lat' dir='ltr'>manu</span> <span class='ocrx_word' id='word_1_162' title='bbox 260 2759 359 2824; x_wconf 85' lang='lat' dir='ltr'>fulcit</span> <span class='ocrx_word' id='word_1_163' title='bbox 387 2758 533 2843; x_wconf 78' lang='lat' dir='ltr'>sinistra,</span> <span class='ocrx_word' id='word_1_164' title='bbox 576 2756 639 2822; x_wconf 93' lang='lat' dir='ltr'>hoc</span> <span class='ocrx_word' id='word_1_165' title='bbox 667 2758 814 2843; x_wconf 88' lang='lat' dir='ltr'>corporis</span> <span class='ocrx_word' id='word_1_166' title='bbox 842 2758 961 2824; x_wconf 90' lang='lat' dir='ltr'>habitu</span> <span class='ocrx_word' id='word_1_167' title='bbox 991 2781 1060 2823; x_wconf 92' lang='lat' dir='ltr'>non</span> <span class='ocrx_word' id='word_1_168' title='bbox 1094 2766 1165 2823; x_wconf 89' lang='lat' dir='ltr'>tam</span> <span class='ocrx_word' id='word_1_169' title='bbox 1201 2759 1300 2825; x_wconf 92' lang='lat' dir='ltr'>dolor</span> 
     </span>
     <span class='ocr_line' id='line_1_23' title="bbox 131 2873 1303 2959; baseline 0.002 -21"><span class='ocrx_word' id='word_1_170' title='bbox 131 2881 165 2938; x_wconf 92' lang='lat' dir='ltr'>et</span> <span class='ocrx_word' id='word_1_171' title='bbox 181 2874 367 2957; x_wconf 87' lang='lat' dir='ltr'>meditatio,</span> <span class='ocrx_word' id='word_1_172' title='bbox 390 2896 490 2959; x_wconf 90' lang='lat' dir='ltr'>quam</span> <span class='ocrx_word' id='word_1_173' title='bbox 507 2873 613 2938; x_wconf 89' lang='lat' dir='ltr'>animi</span> <span class='ocrx_word' id='word_1_174' title='bbox 633 2873 812 2958; x_wconf 89' lang='lat' dir='ltr'>aegritudo</span> <span class='ocrx_word' id='word_1_175' title='bbox 832 2875 1104 2959; x_wconf 90' lang='lat' dir='ltr'>truculentiaque</span> <span class='ocrx_word' id='word_1_176' title='bbox 1120 2875 1303 2958; x_wconf 86' lang='lat' dir='ltr'>indicatur,</span> 
     </span>
     <span class='ocr_line' id='line_1_24' title="bbox 131 2989 1303 3076; baseline 0 -20"><span class='ocrx_word' id='word_1_177' title='bbox 131 2991 291 3076; x_wconf 90' lang='lat' dir='ltr'>quoniam</span> <span class='ocrx_word' id='word_1_178' title='bbox 315 2997 397 3056; x_wconf 91' lang='lat' dir='ltr'>tuno</span> <span class='ocrx_word' id='word_1_179' title='bbox 429 2991 576 3054; x_wconf 76' lang='lat' dir='ltr'>frontem</span> <span class='ocrx_word' id='word_1_180' title='bbox 606 2989 694 3054; x_wconf 89' lang='lat' dir='ltr'>sicut</span> <span class='ocrx_word' id='word_1_181' title='bbox 728 2989 764 3053; x_wconf 90' lang='lat' dir='ltr'>in</span> <span class='ocrx_word' id='word_1_182' title='bbox 791 2990 924 3076; x_wconf 89' lang='lat' dir='ltr'>pictura</span> <span class='ocrx_word' id='word_1_183' title='bbox 953 2991 1039 3056; x_wconf 70' lang='lat' dir='ltr'>vni</span> <span class='ocrx_word' id='word_1_184' title='bbox 1071 2990 1197 3056; x_wconf 90' lang='lat' dir='ltr'>codicis</span> <span class='ocrx_word' id='word_1_185' title='bbox 1220 2991 1303 3057; x_wconf 82' lang='lat' dir='ltr'>Am-</span> 
     </span>
     <span class='ocr_line' id='line_1_25' title="bbox 129 3106 1302 3191; baseline 0.002 -20"><span class='ocrx_word' id='word_1_186' title='bbox 129 3106 287 3190; x_wconf 88' lang='lat' dir='ltr'>brosiani,</span> <span class='ocrx_word' id='word_1_187' title='bbox 322 3129 385 3172; x_wconf 90' lang='lat' dir='ltr'>neo</span> <span class='ocrx_word' id='word_1_188' title='bbox 418 3106 553 3191; x_wconf 90' lang='lat' dir='ltr'>occiput</span> <span class='ocrx_word' id='word_1_189' title='bbox 584 3127 687 3170; x_wconf 89' lang='lat' dir='ltr'>manu</span> <span class='ocrx_word' id='word_1_190' title='bbox 723 3106 888 3171; x_wconf 87' lang='lat' dir='ltr'>fulsisset:</span> <span class='ocrx_word' id='word_1_191' title='bbox 923 3106 1057 3171; x_wconf 89' lang='lat' dir='ltr'>Invitus</span> <span class='ocrx_word' id='word_1_192' title='bbox 1085 3106 1240 3172; x_wconf 87' lang='lat' dir='ltr'>Achilles</span> <span class='ocrx_word' id='word_1_193' title='bbox 1268 3116 1302 3173; x_wconf 90' lang='lat' dir='ltr'>et</span> 
     </span>
     <span class='ocr_line' id='line_1_26' title="bbox 129 3210 1303 3307; baseline 0.004 -25"><span class='ocrx_word' id='word_1_194' title='bbox 129 3211 198 3302; x_wconf 77' lang='grc' dir='ltr'>μέγ’</span> <span class='ocrx_word' id='word_1_195' title='bbox 219 3210 367 3306; x_wconf 77' lang='grc' dir='ltr'><em>ὀχθήσας</em></span> <span class='ocrx_word' id='word_1_196' title='bbox 383 3224 426 3302; x_wconf 85' lang='lat' dir='ltr'>(v.</span> <span class='ocrx_word' id='word_1_197' title='bbox 444 3224 501 3303; x_wconf 80' lang='lat'>48)</span> <span class='ocrx_word' id='word_1_198' title='bbox 524 3221 673 3286; x_wconf 88' lang='lat' dir='ltr'>Patrocli</span> <span class='ocrx_word' id='word_1_199' title='bbox 693 3223 850 3307; x_wconf 90' lang='lat' dir='ltr'>precibus</span> <span class='ocrx_word' id='word_1_200' title='bbox 867 3223 978 3304; x_wconf 88' lang='lat' dir='ltr'>cessit,</span> <span class='ocrx_word' id='word_1_201' title='bbox 999 3222 1146 3288; x_wconf 86' lang='lat' dir='ltr'>necdum</span> <span class='ocrx_word' id='word_1_202' title='bbox 1163 3223 1303 3289; x_wconf 78' lang='lat' dir='ltr'>Troiani</span> 
     </span>
     <span class='ocr_line' id='line_1_27' title="bbox 136 3337 1303 3422; baseline 0.003 -20"><span class='ocrx_word' id='word_1_203' title='bbox 136 3339 234 3422; x_wconf 88' lang='lat' dir='ltr'>ignes</span> <span class='ocrx_word' id='word_1_204' title='bbox 258 3339 294 3402; x_wconf 95' lang='lat' dir='ltr'>in</span> <span class='ocrx_word' id='word_1_205' title='bbox 325 3361 429 3404; x_wconf 91' lang='lat' dir='ltr'>naves</span> <span class='ocrx_word' id='word_1_206' title='bbox 456 3339 660 3403; x_wconf 80' lang='lat' dir='ltr'>Graecorum</span> <span class='ocrx_word' id='word_1_207' title='bbox 690 3337 887 3403; x_wconf 90' lang='lat' dir='ltr'>iniecerant.</span> <span class='ocrx_word' id='word_1_208' title='bbox 936 3338 1009 3415; x_wconf 72' lang='lat' dir='ltr'>Quo</span> <span class='ocrx_word' id='word_1_209' title='bbox 1042 3340 1132 3403; x_wconf 77' lang='lat' dir='ltr'>lacto</span> <span class='ocrx_word' id='word_1_210' title='bbox 1167 3338 1303 3405; x_wconf 90' lang='lat' dir='ltr'>demum</span> 
     </span>
     <span class='ocr_line' id='line_1_28' title="bbox 134 3453 1304 3540; baseline 0.002 -21"><span class='ocrx_word' id='word_1_211' title='bbox 134 3454 287 3520; x_wconf 88' lang='lat' dir='ltr'>Achilles</span> <span class='ocrx_word' id='word_1_212' title='bbox 311 3477 330 3519; x_wconf 88' lang='lat' dir='ltr'>a</span> <span class='ocrx_word' id='word_1_213' title='bbox 354 3455 433 3519; x_wconf 90' lang='lat' dir='ltr'>sede</span> <span class='ocrx_word' id='word_1_214' title='bbox 458 3477 517 3519; x_wconf 90' lang='lat' dir='ltr'>sua</span> <span class='ocrx_word' id='word_1_215' title='bbox 539 3453 698 3540; x_wconf 89' lang='lat' dir='ltr'>prosiluit</span> <span class='ocrx_word' id='word_1_216' title='bbox 722 3456 765 3532; x_wconf 82' lang='lat' dir='ltr'>(v.</span> <span class='ocrx_word' id='word_1_217' title='bbox 793 3457 855 3520; x_wconf 78' lang='lat'>123</span> <span class='ocrx_word' id='word_1_218' title='bbox 873 3455 969 3539; x_wconf 85' lang='lat' dir='ltr'>sqq.),</span> <span class='ocrx_word' id='word_1_219' title='bbox 997 3455 1085 3520; x_wconf 88' lang='lat' dir='ltr'>ultro</span> <span class='ocrx_word' id='word_1_220' title='bbox 1109 3455 1304 3521; x_wconf 90' lang='lat' dir='ltr'>Patroclum</span> 
     </span>
     <span class='ocr_line' id='line_1_29' title="bbox 130 3569 1304 3655; baseline 0.003 -21"><span class='ocrx_word' id='word_1_221' title='bbox 130 3571 302 3653; x_wconf 85' lang='lat' dir='ltr'>excitavit,</span> <span class='ocrx_word' id='word_1_222' title='bbox 337 3570 444 3635; x_wconf 88' lang='lat' dir='ltr'>aciem</span> <span class='ocrx_word' id='word_1_223' title='bbox 476 3569 730 3655; x_wconf 89' lang='lat' dir='ltr'>Myrmidonum</span> <span class='ocrx_word' id='word_1_224' title='bbox 766 3569 938 3634; x_wconf 86' lang='lat' dir='ltr'>instruxit.</span> <span class='ocrx_word' id='word_1_225' title='bbox 998 3570 1107 3648; x_wconf 74' lang='lat' dir='ltr'>Quare</span> <span class='ocrx_word' id='word_1_226' title='bbox 1144 3593 1213 3637; x_wconf 90' lang='lat' dir='ltr'>non</span> <span class='ocrx_word' id='word_1_227' title='bbox 1252 3580 1304 3638; x_wconf 89' lang='lat' dir='ltr'>est</span> 
     </span>
     <span class='ocr_line' id='line_1_30' title="bbox 131 3680 1306 3773; baseline -0.003 -21"><span class='ocrx_word' id='word_1_228' title='bbox 131 3710 190 3752; x_wconf 91' lang='lat' dir='ltr'>cur</span> <span class='ocrx_word' id='word_1_229' title='bbox 223 3686 368 3752; x_wconf 84' lang='lat' dir='ltr'>Achillis</span> <span class='ocrx_word' id='word_1_230' title='bbox 404 3686 521 3751; x_wconf 91' lang='lat' dir='ltr'>habitu</span> <span class='ocrx_word' id='word_1_231' title='bbox 556 3685 696 3750; x_wconf 91' lang='lat' dir='ltr'>Iahnius</span> <span class='ocrx_word' id='word_1_232' title='bbox 740 3685 941 3751; x_wconf 86' lang='lat' dir='ltr'>offendatur.</span> <span class='ocrx_word' id='word_1_233' title='bbox 989 3686 1097 3751; x_wconf 55' lang='lat' dir='ltr'>‘Solus</span> <span class='ocrx_word' id='word_1_234' title='bbox 1133 3680 1306 3773; x_wconf 73' lang='grc' dir='ltr'>Διομήδης</span> 
     </span>
     <span class='ocr_line' id='line_1_31' title="bbox 131 3803 1305 3887; baseline 0.002 -19"><span class='ocrx_word' id='word_1_235' title='bbox 131 3804 252 3868; x_wconf 91' lang='lat' dir='ltr'>titulus</span> <span class='ocrx_word' id='word_1_236' title='bbox 284 3803 389 3867; x_wconf 81' lang='lat' dir='ltr'>falsus</span> <span class='ocrx_word' id='word_1_237' title='bbox 422 3809 483 3885; x_wconf 91' lang='lat' dir='ltr'>est,</span> <span class='ocrx_word' id='word_1_238' title='bbox 512 3823 675 3887; x_wconf 87' lang='lat' dir='ltr'>personae</span> <span class='ocrx_word' id='word_1_239' title='bbox 704 3823 818 3866; x_wconf 90' lang='lat' dir='ltr'>omnes</span> <span class='ocrx_word' id='word_1_240' title='bbox 847 3803 974 3887; x_wconf 87' lang='lat' dir='ltr'>optime</span> <span class='ocrx_word' id='word_1_241' title='bbox 1007 3812 1199 3886; x_wconf 88' lang='lat' dir='ltr'>congruunt</span> <span class='ocrx_word' id='word_1_242' title='bbox 1228 3828 1305 3870; x_wconf 91' lang='lat' dir='ltr'>cum</span> 
     </span>
     <span class='ocr_line' id='line_1_32' title="bbox 130 3920 1187 3999; baseline -0.001 -15"><span class='ocrx_word' id='word_1_243' title='bbox 130 3920 287 3985; x_wconf 91' lang='lat' dir='ltr'>Homero.</span> <span class='ocrx_word' id='word_1_244' title='bbox 1185 3994 1187 3999; x_wconf 21' lang='lat'><strong><em>¹</em></strong></span> 
     </span>
     <span class='ocr_line' id='line_1_33' title="bbox 238 4031 1305 4120; baseline 0.004 -21"><span class='ocrx_word' id='word_1_245' title='bbox 238 4034 425 4119; x_wconf 81' lang='lat' dir='ltr'>Sequentes</span> <span class='ocrx_word' id='word_1_246' title='bbox 450 4033 549 4096; x_wconf 89' lang='lat' dir='ltr'>huius</span> <span class='ocrx_word' id='word_1_247' title='bbox 574 4031 701 4097; x_wconf 89' lang='lat' dir='ltr'>ordinis</span> <span class='ocrx_word' id='word_1_248' title='bbox 725 4055 884 4118; x_wconf 88' lang='lat' dir='ltr'>personas</span> <span class='ocrx_word' id='word_1_249' title='bbox 908 4034 1085 4099; x_wconf 90' lang='lat' dir='ltr'>Michaelis</span> <span class='ocrx_word' id='word_1_250' title='bbox 1117 4037 1181 4120; x_wconf 89' lang='lat' dir='ltr'>(ap.</span> <span class='ocrx_word' id='word_1_251' title='bbox 1206 4037 1305 4103; x_wconf 86' lang='lat' dir='ltr'>Iahn.</span> 
     </span>
     <span class='ocr_line' id='line_1_34' title="bbox 129 4149 1307 4236; baseline 0.003 -20"><span class='ocrx_word' id='word_1_252' title='bbox 129 4174 161 4236; x_wconf 91' lang='lat' dir='ltr'>p.</span> <span class='ocrx_word' id='word_1_253' title='bbox 193 4151 246 4228; x_wconf 84' lang='lat'>18)</span> <span class='ocrx_word' id='word_1_254' title='bbox 280 4151 393 4214; x_wconf 86' lang='lat' dir='ltr'>nescio</span> <span class='ocrx_word' id='word_1_255' title='bbox 433 4171 498 4233; x_wconf 89' lang='lat' dir='ltr'>qua</span> <span class='ocrx_word' id='word_1_256' title='bbox 531 4170 630 4212; x_wconf 87' lang='lat' dir='ltr'>causa</span> <span class='ocrx_word' id='word_1_257' title='bbox 663 4155 780 4213; x_wconf 80' lang='lat' dir='ltr'>contra</span> <span class='ocrx_word' id='word_1_258' title='bbox 811 4149 967 4215; x_wconf 89' lang='lat' dir='ltr'>Iahnium</span> <span class='ocrx_word' id='word_1_259' title='bbox 1004 4150 1040 4215; x_wconf 88' lang='lat' dir='ltr'>in</span> <span class='ocrx_word' id='word_1_260' title='bbox 1074 4151 1307 4236; x_wconf 86' lang='lat' dir='ltr'>Sarpedonem</span> 
     </span>
    </p>
   </div>
   <div class='ocr_carea' id='block_1_3' title="bbox 131 4264 1307 4362">
    <p class='ocr_par' dir='ltr' id='par_1_3' title="bbox 131 4264 1307 4362">
     <span class='ocr_line' id='line_1_35' title="bbox 131 4264 1307 4362; baseline 0.004 -31"><span class='ocrx_word' id='word_1_261' title='bbox 131 4268 286 4337; x_wconf 82' lang='lat' dir='ltr'>conferre</span> <span class='ocrx_word' id='word_1_262' title='bbox 302 4265 420 4348; x_wconf 88' lang='lat' dir='ltr'>voluit,</span> <span class='ocrx_word' id='word_1_263' title='bbox 446 4264 505 4328; x_wconf 91' lang='lat' dir='ltr'>sed</span> <span class='ocrx_word' id='word_1_264' title='bbox 526 4264 734 4338; x_wconf 86' lang='lat' dir='ltr'>nullomodo</span> <span class='ocrx_word' id='word_1_265' title='bbox 751 4265 891 4339; x_wconf 87' lang='lat' dir='ltr'>Homeri</span> <span class='ocrx_word' id='word_1_266' title='bbox 912 4265 954 4329; x_wconf 93' lang='lat' dir='ltr'>de</span> <span class='ocrx_word' id='word_1_267' title='bbox 975 4265 1179 4362; x_wconf 82' lang='lat' dir='ltr'>Sarpedonis</span> <span class='ocrx_word' id='word_1_268' title='bbox 1196 4277 1307 4340; x_wconf 89' lang='lat' dir='ltr'>morte</span> 
     </span>
    </p>
   </div>
   <div class='ocr_carea' id='block_1_4' title="bbox 0 0 1445 4912">
    <p class='ocr_par' dir='ltr' id='par_1_4' title="bbox 0 0 1445 4912">
     <span class='ocr_line' id='line_1_36' title="bbox 0 0 1445 4912; baseline 0 0"><span class='ocrx_word' id='word_1_269' title='bbox 0 0 1445 4912; x_wconf 95' lang='lat' dir='ltr'> </span> 
     </span>
    </p>
   </div>
  </div>
 </body>
</html>
