2872 4912
614 233 833 297 *42-

134 415 262 474 turrem
274 410 418 494 primam
426 407 467 490 ὁθ’),
486 432 572 494 quae
589 415 641 474 est
656 410 751 474 iuxta
764 410 979 494 Mercurium,
998 411 1148 477 intuenti
1162 409 1306 496 primum

133 526 253 590 lacuna
289 525 425 589 videtur
459 526 563 606 hiare,
599 526 653 590 sin
681 534 794 591 autem
823 527 1009 612 imaginem
1032 534 1186 593 nostram
1210 528 1306 613 paulo

135 642 270 725 longius
295 649 329 706 et
353 641 553 726 diligentius
578 643 792 726 spectaveriS,
822 650 932 708 certae
956 644 1119 729 quaedam
1144 651 1307 729 apparent

134 758 465 844 circumscriptiones
488 780 651 844 personae
675 759 831 823 alicuius:
867 782 952 845 puer
976 760 1113 845 quidam
1136 761 1174 824 in
1199 783 1306 845 genua

134 876 300 959 collapsus
325 882 384 958 est,
411 875 505 939 cuius
529 876 657 940 femora
682 875 792 940 adhuc
809 882 1073 959 cognoscuntur3
1099 898 1197 941 crura
1214 877 1305 941 cerni

134 1014 201 1055 non
225 1000 374 1075 possunt,
399 991 477 1075 quia
501 1013 641 1075 puerum
665 1014 685 1055 a
700 992 813 1055 fronte
830 993 903 1077 ipsa
920 992 1105 1075 intuemur3
1132 993 1304 1057 sinistram

134 1130 270 1172 manum
308 1106 452 1190 demisit,
494 1108 611 1172 dextra
648 1108 735 1172 elata
775 1108 903 1193 aliquid
943 1109 1111 1194 corripere
1151 1115 1304 1189 conatur;

136 1223 328 1288 bracchium
343 1223 450 1289 hostis
464 1223 675 1306 crediderim,
699 1246 777 1287 nam
794 1224 890 1289 iuxta
904 1247 1047 1310 puerum
1064 1225 1168 1290 etiam
1185 1225 1304 1289 milicia

134 1362 208 1404 crus
237 1339 453 1424 conspicitur.
485 1375 526 1384 -—
557 1340 752 1424 Sequuntur
784 1363 803 1404 a
834 1340 953 1405 dextra
980 1350 1075 1426 parte
1104 1341 1304 1427 Demophon

135 1452 208 1540 [As]
234 1463 268 1520 et
286 1457 438 1539 AcamaS,
464 1457 523 1541 qui
544 1456 707 1520 Aethram
733 1444 867 1540 [Aioull
891 1456 1035 1522 mediam
1060 1457 1141 1522 belli
1166 1481 1185 1521 e
1208 1459 1306 1523 turba

135 1573 349 1658 tumultuque
385 1575 542 1637 auferunt
577 1574 689 1657 potius
726 1595 826 1657 quam
862 1574 1020 1638 educunt.
1075 1575 1171 1638 Haec
1207 1583 1307 1659 caput

135 1697 224 1754 retro
248 1690 436 1770 reclinavit,
474 1689 569 1773 quasi
593 1690 742 1774 torpenti
766 1689 798 1752 ei
822 1689 911 1753 vires
936 1690 1079 1754 deficere
1103 1691 1304 1775 coepissent.

136 1807 341 1889 Fabrettius,
366 1807 528 1889 Begerus,
552 1805 743 1888 Fogginius
760 1828 833 1870 eam
854 1805 916 1890 „ad
932 1814 1044 1871 cutem
1067 1829 1174 1891 usque
1197 1829 1305 1871 rasam

135 1919 226 1987 esse“
275 1946 292 1987 e
336 1922 505 1986 Pausania
548 1921 661 2006 potius
706 1918 1000 2004 concluseruntffl),
1045 1924 1103 2007 qui
1141 1923 1305 1988 Aethram

135 2040 310 2103 servitutis
354 2038 556 2103 indicandae
601 2060 700 2102 causa
745 2062 765 2102 a
803 2039 995 2122 Polygnoto
1041 2040 1090 2103 ita
1135 2039 1304 2124 depictam

133 2148 239 2218 fuisse
267 2154 409 2218 tradidit
437 2155 495 2236 (X,
512 2155 564 2236 25,
584 2157 627 2236 7),
663 2176 764 2239 quam
792 2177 833 2219 ex
862 2161 984 2240 ectypo
1013 2162 1137 2235 nostro,
1174 2155 1213 2220 in
1242 2178 1304 2240 quo

134 2271 193 2334 vix
228 2270 385 2354 cognosci
417 2271 552 2356 poterit,
588 2277 702 2334 utrum
730 2269 879 2335 Aethrae
909 2271 1019 2335 crines
1054 2270 1189 2334 detonsi
1228 2272 1302 2353 sint,

134 2410 251 2468 necne,
276 2387 475 2479 praesertim
499 2409 574 2450 cum
599 2410 619 2450 a
642 2388 755 2450 fronte
779 2409 853 2450 eam
876 2387 1112 2472 adspiciamuS,
1137 2393 1178 2450 ut
1195 2387 1304 2450 crines

134 2503 205 2568 sive
228 2502 402 2566 fluitantes
426 2502 498 2565 sive
522 2503 559 2565 in
583 2502 710 2566 nodum
734 2503 867 2567 collecti
891 2502 1028 2566 omnino
1058 2524 1127 2566 non
1152 2503 1304 2588 conspici

134 2619 275 2703 possint.
302 2654 342 2661 —
367 2620 590 2683 Dextrorsum
613 2618 909 2704 progredientibus
925 2618 1022 2682 nobis
1038 2618 1124 2682 duae
1140 2625 1305 2704 apparent

134 2735 292 2819 feminae,
310 2758 449 2819 quarum
468 2735 572 2799 altera
588 2735 741 2820 superior
751 2735 845 2800 humi
858 2734 979 2799 sedens
992 2741 1134 2819 utroque
1147 2734 1304 2800 bracchio

133 2851 295 2916 innititur
311 2852 390 2933 sole,
416 2852 464 2915 ita
487 2858 526 2915 ut
549 2852 702 2936 superior
725 2874 802 2937 pars
827 2852 975 2935 corporis
999 2875 1018 2916 a
1041 2852 1112 2914 solo
1136 2851 1226 2916 elata
1250 2853 1303 2916 sit.

133 2969 288 3052 Speciem
312 2969 450 3052 praebet
473 2968 606 3031 sauciae
629 2975 687 3032 aut
711 2967 954 3031 maestissimae
979 2967 1130 3031 mulieris
1155 2968 1211 3031 vel
1237 2969 1303 3032 vir-

128 3085 231 3166 ginis.
278 3085 374 3148 Inira
408 3085 495 3148 hanc
532 3096 583 3148 est
617 3085 723 3148 altera
750 3106 903 3169 persona,
933 3085 1027 3148 cuius
1055 3090 1240 3168 utrumque
1271 3090 1304 3148 et

128 3223 203 3264 crus
221 3207 256 3263 et
274 3201 385 3264 femur
406 3200 610 3264 vestimento
632 3200 781 3264 velatum
798 3207 897 3285 atque
913 3199 1107 3264 bracchium
1124 3199 1303 3265 sinistrum

129 3317 257 3401 optime
274 3323 534 3399 cognoscuntur.
572 3315 677 3379 Crura
693 3316 802 3380 solum
818 3322 950 3399 tegunt,
968 3338 1087 3401 corpus
1104 3317 1303 3400 resupinum

129 3432 285 3497 bracchio
309 3433 448 3496 fulcitur
473 3434 510 3495 in
534 3441 633 3496 terra.

237 3549 325 3612 Belli
349 3549 497 3613 tumultu
521 3549 713 3633 oppidoque
737 3549 854 3612 relicto
878 3548 1065 3612 Hectoris
1090 3547 1137 3611 ad
1162 3550 1303 3634 sepul-

128 3688 235 3730 crum
264 3687 325 3728 nos
354 3688 444 3728 nunc
473 3666 684 3729 conferamus
717 3652 884 3747 [Ἕκτορος
910 3655 1037 3747 τάφος].
1093 3665 1159 3728 Est
1188 3672 1305 3730 autem

253 3903 277 3971 *J
297 3902 465 3954 Rossbachio
476 3906 586 3954 auctore
600 3918 647 3969 per
666 3901 748 3970 spatii
767 3901 909 3970 angustias
928 3900 998 3953 duae
1016 3900 1124 3969 figurae
1142 3901 1305 3971 exsculptae

128 4009 257 4045 essenon
277 3997 399 4060 possunt.
441 3990 565 4042 Mulieris
589 3991 676 4059 capite
698 4006 783 4059 prono
805 3989 978 4043 dextrorsum
997 3989 1115 4042 sedentis
1134 3989 1306 4045 lineamenta

127 4082 253 4152 dispexit,
277 4099 360 4150 quam
383 4081 520 4149 captivam
544 4079 664 4148 aliquam
689 4085 716 4132 ct
733 4080 872 4148 lugentem
896 4080 1028 4132 feminam
1046 4079 1195 4132 Troianam
1214 4087 1305 4150 putat.

235 4171 279 4234 sa)
299 4171 464 4234 Fabrettius,
484 4169 517 4222 do
536 4169 664 4221 columna
681 4169 799 4234 Traiani,
818 4187 844 4238 p.
865 4171 929 4234 3t33
953 4169 1046 4238 Beger,
1066 4167 1100 4220 de
1119 4168 1164 4221 Ilii
1184 4171 1305 4237 excidio,

129 4262 254 4333 Foggini,
273 4261 369 4313 Museo
388 4259 544 4331 Capitolino
563 4258 615 4324 IV,
634 4277 660 4329 p.
681 4260 740 4313 393.
