2872 4912
599 287 640 298 -
687 254 816 317 40-

128 451 193 514 quo
216 435 312 493 motu
336 435 388 494 est
411 430 549 512 factum,
572 436 611 494 ut
626 430 869 496 vestimentum
894 430 936 493 de
952 430 1124 515 superiore
1151 429 1294 514 corporis

127 552 223 631 parte
248 544 474 628 delaberetur,
511 546 628 611 dextro
664 567 755 632 genu
791 547 827 611 in
862 568 918 611 ara
946 547 1026 610 nixa
1050 546 1192 610 sinistro
1216 544 1295 630 pede

128 661 254 745 gradus
282 684 358 725 arae
387 662 503 745 attigit
536 668 569 725 et
605 684 640 727 os
674 663 812 726 retorsit
846 663 888 725 ad
924 663 1068 725 militem
1103 663 1294 742 instantem,

129 778 186 862 qui
211 800 284 841 eam
313 777 462 842 crinibus
493 778 534 842 de
560 800 618 842 ara
646 778 822 842 detrahere
849 779 934 843 vult.
981 779 1027 842 Et
1055 778 1111 844 hic
1139 778 1240 842 miles
1267 786 1296 842 et

127 894 369 979 Neoptolemus
393 893 516 977 loricis,
546 894 672 977 clipeis,
703 895 810 978 galeis
835 894 992 978 cristatis,
1025 894 1150 979 gladiis
1180 894 1296 959 armati

130 1016 219 1075 sunt.
258 1010 472 1095 Neoptolemi
495 1017 573 1095 post
596 1017 730 1094 tergum
755 1011 858 1074 etiam
882 1011 1005 1095 ingens
1028 1011 1142 1075 fluitat
1163 1010 1297 1096 paluda-

129 1132 293 1190 mentum.
346 1126 474 1190 Priami
509 1127 624 1191 subter
657 1127 761 1212 pedes
789 1126 887 1190 miles
920 1127 956 1191 in
985 1136 1119 1211 tergum
1151 1125 1298 1191 concidit

130 1242 350 1325 semianimis,
382 1242 476 1307 cuius
501 1243 597 1307 laeva
620 1243 766 1327 clipeum
790 1249 895 1326 tenet,
925 1244 1045 1308 dextra
1068 1243 1139 1308 solo
1163 1243 1298 1324 nititur3

130 1359 278 1423 animam
320 1365 432 1423 autern
475 1359 611 1422 videtur
654 1358 778 1422 efflare.
848 1359 940 1436 Quae
983 1359 1088 1424 altera
1130 1360 1168 1422 in
1207 1365 1300 1444 parte

130 1497 207 1539 arae
230 1475 325 1538 humi
349 1475 437 1538 iacet
460 1497 604 1560 persona
629 1474 816 1539 aFeodoro
841 1473 1012 1540 delineata
1035 1484 1088 1540 est
1111 1481 1151 1539 ut
1173 1476 1300 1539 femina

130 1593 231 1677 peplo
260 1591 402 1673 amicta;
438 1590 497 1654 sed
526 1613 632 1674 crura,
668 1592 806 1674 femora,
841 1591 997 1656 bracchia
1025 1591 1172 1656 hominis
1202 1592 1300 1677 plane

131 1707 251 1772 nudati
275 1707 456 1772 manifesto
481 1714 738 1790 cognoscuntur,
763 1707 813 1771 ita
838 1715 877 1771 ut
899 1708 1025 1772 rectius
1048 1708 1162 1772 virum
1183 1707 1300 1792 despo-

133 1824 250 1888 liatum
276 1844 376 1909 quam
399 1823 563 1887 feminam
592 1845 665 1887 esse
689 1822 829 1888 iudices
856 1860 896 1867 —
921 1824 1013 1889 Ante
1038 1824 1195 1888 dextrum
1221 1831 1299 1888 tem-

133 1940 227 2024 plum
250 1962 270 2003 a
294 1939 462 2023 sculptore
488 1929 574 2021 ἶερόν
588 1928 786 2022 Ἀφροδίτης
810 1940 1015 2026 appellatum
1032 1941 1208 2005 Menelaus
1233 1941 1301 2006 sine

133 2055 235 2120 dubio
251 2055 418 2120 Helenam
433 2078 453 2119 a
469 2062 659 2141 spectatore
682 2077 835 2119 aversam
860 2064 894 2119 et
917 2056 954 2120 in
970 2078 1082 2139 genua
1097 2059 1300 2143 prolapsam,

134 2171 187 2235 cui
211 2171 454 2235 vestimentum
483 2172 658 2256 delapsum
682 2182 744 2254 est,
773 2171 887 2255 gladio
911 2173 1114 2258 insequitur;
1153 2180 1301 2238 attamen

133 2287 307 2351 Menelaus
341 2293 442 2372 caput
476 2287 612 2352 videtur
650 2295 846 2374 retorquere
878 2296 980 2374 atque
1015 2290 1169 2353 cunctari
1204 2291 1302 2376 plaga

133 2403 269 2467 letifera
291 2403 393 2467 ferire
416 2424 565 2487 uxorem,
590 2426 675 2490 quae
699 2427 801 2469 manu
825 2412 988 2490 utraquae
1011 2427 1103 2490 genu
1127 2406 1302 2470 sinistrum

134 2519 290 2602 coniugis
304 2519 446 2604 supplex
457 2520 627 2605 corripuit.
660 2520 820 2585 Gladium
837 2521 992 2585 strictum
1008 2528 1101 2586 recte
1117 2521 1304 2587 delineavit
1341 2548 1343 2561 ·

134 2634 323 2717 Schulzius,
349 2635 522 2700 Feodorea
539 2637 652 2719 imago
677 2636 891 2700 manubrium
915 2638 1024 2701 solum
1048 2637 1153 2702 oculis
1178 2639 1302 2702 nostris

134 2750 294 2816 ostendit.
319 2787 359 2795 —
384 2751 425 2815 In
449 2760 545 2837 parte
569 2752 648 2816 huic
664 2774 767 2816 zonae
792 2754 961 2817 contraria
984 2753 1081 2818 miles
1107 2761 1211 2839 caput
1234 2776 1303 2818 mu·

133 2867 237 2946 lieris,
280 2888 365 2951 quae
400 2877 478 2932 ante
510 2869 628 2932 fanum
663 2868 831 2953 quoddam
865 2870 960 2933 iuxta
993 2891 1085 2933 aram
1120 2869 1156 2933 in
1192 2892 1303 2953 genua

135 2983 276 3065 corruit,
323 2989 496 3068 retorquet
545 2983 694 3048 crinibus
742 3007 902 3050 mucrone
950 2985 1165 3070 iugulaturus
1214 3009 1302 3068 eam,

79 3163 81 3167 .
135 3122 220 3184 quae
244 3099 381 3164 sinistra
402 3123 505 3164 manu
528 3100 595 3164 viri
619 3099 814 3165 bracchium
838 3101 1010 3186 corripuit,
1035 3099 1223 3183 dextram*)
1247 3110 1304 3166 aut

135 3217 171 3280 in
196 3217 325 3280 caelum
349 3217 487 3280 sustulit
503 3223 562 3280 aut
577 3217 702 3281 infanti
726 3216 958 3298 circumdedit,
985 3217 1042 3301 qui
1061 3216 1180 3282 dextro
1206 3219 1303 3283 lateri

136 3334 208 3397 eius
231 3333 367 3398 videtur
390 3332 581 3397 adhaerere.

226 3448 440 3534 Sequentia
452 3450 585 3514 lineae
597 3471 758 3535 personae
771 3450 954 3514 nonnullae
967 3472 1008 3514 ex
1020 3449 1304 3534 inscriptionibus

135 3565 234 3630 nobis
259 3572 339 3629 sunt
362 3571 472 3649 notae,
507 3567 556 3630 ita
590 3573 630 3629 ut
658 3587 677 3628 a
705 3565 803 3629 laeva
837 3572 933 3649 parte
969 3565 1120 3630 Aeneam
1150 3557 1304 3652 [Αἰνήας]

137 3703 378 3765 cognoscamus
413 3682 516 3746 lorica
551 3691 585 3746 et
618 3680 858 3765 paludamento
887 3682 1059 3762 amictum,
1094 3681 1149 3745 cui
1183 3704 1203 3746 a
1231 3685 1306 3748 viro

138 3798 283 3882 quodam
321 3798 439 3883 rapido
478 3820 577 3862 cursu
614 3797 795 3862 advolante
830 3798 866 3861 in
901 3819 1020 3862 manus
1060 3797 1160 3861 datur
1198 3799 1306 3882 „levis

138 3914 279 3977 occultis
319 3915 452 3978 conscia
490 3907 616 3990 cistall)
656 3909 791 3996 sacris“,
832 3936 917 3997 quae
953 3912 1125 3977 aediculae
1160 3915 1308 3980 formam

243 4100 266 4165 *l
285 4097 469 4150 Rossbachius
497 4097 557 4166 ipsa
584 4096 679 4150 tabula
705 4097 827 4167 inspecta
853 4098 986 4167 templum
1015 4097 1049 4150 ab
1073 4114 1103 4149 ca
1131 4099 1208 4167 tangi
1239 4099 1309 4153 arbi·

137 4194 225 4241 tintus
245 4192 293 4240 cst.

245 4278 288 4337 63)
306 4276 406 4330 Tibull.
426 4276 449 4342 l,
469 4278 493 4342 7,
512 4276 555 4331 48.
