2872 4912
609 254 821 332 ,17-

92 448 95 463 “
127 464 203 508 esse
239 444 454 527 crediderim;
488 468 553 530 qua
588 446 629 509 de
665 467 764 509 causa
788 445 923 510 tabulae
947 445 1150 528 interpretes
1173 453 1303 509 remum

128 559 186 623 vel
222 560 489 643 gubernaculum
526 584 545 624 a
579 560 711 626 Miseno
745 561 819 645 geri
859 561 1108 625 concluserunt.
1167 560 1303 646 Optime

129 675 328 741 Fabrettius
367 679 412 762 (p.
449 675 527 757 375)
566 677 653 741 hano
691 677 811 740 falsam
855 676 1059 741 sententiam
1100 676 1304 762 improbavit

130 792 194 856 ita:
221 792 465 874 „Instrumenti
489 793 741 878 longitudinem
766 798 893 856 tantam
919 814 989 857 non
1012 815 1094 875 esse,
1131 799 1169 856 ut
1192 815 1304 856 remus

131 907 225 971 credi
248 915 371 992 posset,
409 931 483 973 cum
509 931 552 974 ne
575 909 683 994 ipsius
708 908 844 993 quidem
869 908 994 972 Miseni
1018 915 1181 972 staturam
1205 909 1304 973 adae-

132 1030 259 1108 quaret.
306 1025 432 1090 Remos
457 1048 537 1089 sane
561 1025 700 1108 navigio
736 1025 803 1088 iam
834 1024 1011 1110 adaptatos
1036 1047 1107 1088 esse
1132 1033 1166 1088 et
1188 1025 1305 1110 procul

132 1139 236 1204 dubio
260 1141 430 1225 longiores
454 1142 571 1223 fuisse,
596 1163 658 1205 nec
683 1140 844 1204 credibile
869 1162 952 1222 esse,
978 1141 1147 1205 Misenum
1173 1163 1304 1204 remum

133 1257 235 1320 etiam
260 1264 354 1322 extra
377 1259 493 1322 navim
517 1265 678 1341 gestasse,
703 1279 779 1320 oum
804 1264 918 1321 tamen
942 1257 1024 1321 tuba
1048 1257 1079 1320 ei
1104 1258 1306 1321 conventior

132 1370 339 1437 videretur.“
387 1374 566 1438 Praeterea
601 1375 865 1437 instrumentum
901 1381 953 1435 est
987 1371 1168 1437 admodum
1193 1381 1305 1456 tenue,

133 1495 171 1552 ut
209 1511 320 1574 neque
359 1512 461 1575 supra
499 1513 561 1554 neo
596 1489 686 1554 infra
722 1490 806 1552 remi
841 1489 897 1552 vel
936 1487 1155 1572 gubernaculi
1195 1490 1306 1574 palma

133 1605 309 1689 exsculpta
333 1628 405 1670 esse
428 1606 546 1692 possit.

242 1839 337 1903 Haec
365 1839 479 1903 omnia
514 1839 628 1903 tabula
664 1837 849 1902 secundum
873 1837 1110 1923 Iliupersidem
1135 1836 1305 1902 Stesicho-

132 1977 226 2019 ream
250 1962 504 2041 repraesentare
528 1978 563 2018 se
591 1954 778 2038 profitetur.
837 1954 1073 2030 Quaerendum
1108 1976 1198 2017 nnnc
1234 1976 1306 2017 esse

132 2072 335 2157 putaverim,
361 2094 443 2136 num
465 2071 605 2153 ignotas
628 2071 740 2136 adhue
762 2070 901 2135 tabulae
925 2069 1061 2151 figuras
1089 2070 1202 2154 aliqua
1230 2092 1307 2134 cum

131 2188 373 2272 probabilitate
406 2188 633 2271 interpretari
665 2187 842 2271 possimne,
880 2185 1162 2270 referendumque
1195 2186 1306 2269 simul,

132 2305 257 2389 quibus
283 2305 366 2369 locis
390 2327 465 2368 mea
493 2304 664 2368 sententia
687 2325 706 2366 a
730 2303 851 2366 ceteris
881 2301 1098 2386 opinionibus
1128 2301 1305 2388 discrepet.

132 2422 255 2505 Neque
278 2421 370 2485 enim
393 2444 433 2484 ea
456 2420 497 2483 de
521 2442 567 2503 re,
593 2418 681 2503 quod
705 2419 828 2481 desunt
856 2416 1026 2481 interdum
1056 2418 1306 2503 inscriptiones

134 2537 405 2602 concludendum
434 2536 509 2616 erit,
542 2536 602 2599 has
635 2535 762 2618 figuras
794 2534 892 2599 nobis
926 2556 998 2597 esse
1032 2535 1132 2619 plane
1160 2536 1307 2618 ignotas,

132 2659 195 2718 aut
232 2653 298 2718 loci
333 2675 439 2738 aequo
479 2656 612 2716 tantum
651 2650 750 2715 modo
786 2649 978 2735 complendi
1010 2673 1111 2715 causa
1154 2650 1307 2736 exsculp-

132 2777 198 2852 tas,
226 2770 426 2853 praesertim
456 2791 530 2832 oum
555 2768 729 2832 nonnullis
758 2767 840 2831 loeis
869 2766 1011 2850 exiguae
1046 2767 1308 2852 inscriptionum

131 2885 297 2968 reliquiae
335 2885 568 2966 inveniantur,
608 2892 647 2948 ut
684 2885 790 2947 multo
825 2883 922 2966 plura
959 2883 1098 2946 nomina
1138 2883 1308 2966 adscripta

133 3001 242 3066 fuisse
275 3000 538 3066 existimandum
566 3000 621 3081 sit,
656 3023 757 3085 quam
785 3022 877 3064 nunc
904 2999 941 3062 in
969 2999 1084 3062 tabula
1112 2999 1308 3084 recognosci

133 3123 280 3200 possunt
303 3139 426 3182 arrosa.

243 3235 491 3319 Incipiamus
524 3234 632 3318 igitur
665 3255 756 3296 nunc
785 3254 804 3294 a
831 3231 1015 3315 personis
1049 3231 1172 3303 certis
1207 3236 1308 3316 atque

134 3350 313 3436 paullatim
335 3357 431 3414 tuno
448 3349 495 3413 ad
515 3371 708 3435 personas
729 3348 905 3432 reliquas
923 3370 1007 3432 quae
1024 3347 1133 3412 titulis
1151 3347 1310 3412 deficien-

133 3466 228 3531 tibus
252 3467 365 3531 minus
389 3471 500 3530 certae
517 3473 606 3548 sunt,
631 3463 988 3548 transgrediamur.

245 3698 387 3763 Initium
422 3699 593 3784 capiamus
622 3721 641 3762 a
669 3697 781 3762 media
813 3696 1026 3782 Iliupersidis
1055 3697 1215 3780 imagine,
1246 3718 1311 3781 qua

135 3816 251 3899 regia
267 3816 653 3898 aularepraesentatur.
693 3813 963 3899 Neoptolemi,
992 3812 1156 3895 Priami,
1181 3812 1310 3876 Hecu-

137 3933 209 3996 bae
233 3932 371 3995 nomina
394 3931 430 3994 in
455 3930 594 3994 dubium
619 3931 732 3994 vocari
755 3930 813 3993 vix
836 3936 1011 4014 poterunt;
1037 3928 1072 3991 id
1094 3929 1161 3992 iam
1186 3929 1310 4012 agitur,

138 4070 225 4133 quae
259 4054 389 4111 ceterae
422 4047 537 4130 ectypi
570 4047 640 4110 sint
672 4045 811 4129 figurae.
859 4047 1013 4110 Mortuus
1042 4045 1099 4108 ille
1124 4045 1179 4108 vel
1211 4045 1312 4109 mori·

136 4163 283 4246 bundua
308 4163 366 4248 qui
389 4162 605 4247 Neoptolemi
629 4162 744 4226 subter
764 4161 867 4246 pedes
884 4163 920 4225 in
944 4168 1041 4244 tergo
1058 4161 1146 4224 iacet
1166 4160 1310 4243 iuvenis,

137 4280 268 4346 Priami
295 4279 385 4344 filius
417 4279 554 4344 videtur
585 4278 756 4366 putandus
786 4301 868 4361 esse,
897 4301 996 4363 quem
1025 4276 1171 4362 Vergilii
1195 4299 1309 4342 narra·
