2872 4912
612 243 830 312 -97-

239 423 350 501 Quod
379 425 609 509 Polyxenae
638 425 678 490 in
706 426 985 492 immolatione
1014 422 1152 490 tabula
1179 420 1301 490 artis-

128 539 228 605 sime
274 540 439 606 videtur
486 542 698 606 cohaerere
745 564 831 606 cum
869 540 1035 606 Hecuba
1072 540 1302 626 Euripidis,

128 655 221 720 siout
255 657 358 722 etiam
395 657 544 744 scyphus
580 658 717 743 quidam
747 658 957 740 Homericus
992 658 1028 721 in
1064 679 1128 742 quo
1164 657 1301 742 quidem

954 769 1019 854 2¹¹),
1049 796 1088 837 ea
1116 795 1215 838 causa
1243 773 1302 838 vix

129 772 225 856 prius
250 773 414 859 temporis
438 781 647 839 momentum
676 781 948 861 repraesentatur

130 887 289 972 sufficiat,
324 897 364 953 ut
397 890 484 955 hanc
518 891 666 955 fabulam
697 890 933 955 aStesiohoro
958 889 1102 953 alienam
1128 911 1200 953 esse
1224 899 1301 953 cen-

130 1026 263 1069 seamus
300 1028 376 1070 cum
399 1007 556 1071 Konsta
590 1009 632 1091 (p.
657 1009 724 1088 42),
760 1006 958 1091 praesertim
989 1028 1064 1070 cum
1093 1014 1301 1090 compertum

130 1121 323 1204 habeamus
352 1122 443 1187 haud
471 1123 587 1207 paucis
615 1102 704 1186 locis
722 1121 921 1207 Euripidem
950 1121 1141 1206 dependere
1165 1121 1207 1184 de
1232 1143 1301 1186 car-

129 1236 280 1301 minibus
298 1237 492 1302 Stesichori.
541 1237 750 1322 Quamquam
768 1238 848 1323 quid
866 1237 1011 1322 impedit
1027 1259 1097 1320 noe,
1123 1238 1302 1322 quominus

128 1352 334 1435 iudicemus
370 1353 512 1418 eandem
547 1354 696 1418 fabulam
731 1355 772 1419 ab
800 1361 942 1438 utroque
966 1359 1065 1438 poeta
1089 1376 1148 1417 sua
1171 1355 1302 1418 ratione

129 1476 300 1534 narratam
324 1469 450 1534 fuisse?
496 1469 593 1535 Nihil
617 1469 701 1535 dicit
726 1470 828 1535 etiam
843 1469 1148 1534 Maximilianus
1165 1471 1303 1555 Mayer

129 1587 175 1670 (p.
193 1584 259 1668 45),
285 1587 340 1650 cui
354 1586 597 1670 Neoptolemus
614 1586 806 1670 Polyxenae
831 1591 994 1650 mactator
1018 1607 1059 1649 ex
1074 1585 1182 1651 lliade
1198 1609 1303 1673 parva

127 1702 187 1766 vel
222 1724 263 1765 ex
297 1701 402 1787 Ibyco
427 1684 500 1766 ¹huc
539 1701 686 1767 insertus
726 1725 798 1766 esse
832 1701 942 1786 primo
981 1708 1119 1785 aspectu
1155 1701 1301 1766 videtur.

129 1817 260 1894 Quidni
295 1818 423 1903 primus
459 1825 614 1903 aspectus
644 1819 709 1883 iste
738 1818 850 1883 virum
873 1817 969 1881 illum
994 1817 1094 1882 simul
1126 1818 1302 1882 certiorem

126 1935 223 2016 iecit,
259 1941 373 1998 utrum
408 1956 448 1997 ex
471 1934 578 1998 Iliade
612 1957 716 2020 parva
744 1957 788 1999 an
816 1956 857 1998 ex
880 1934 985 2019 Ibyoo
1008 1934 1045 1997 in
1069 1933 1219 1998 tabulam
1243 1934 1302 1997 ille

126 2050 326 2134 irrepserit?

237 2166 343 2232 Utut
371 2189 433 2230 res
462 2189 503 2230 se
536 2163 697 2248 habent,
734 2187 983 2251 nequaquam
1007 2166 1185 2230 Konstae
1210 2187 1301 2230 oon·

127 2280 218 2345 cedi
245 2282 415 2366 poterit,
452 2304 492 2365 „a
527 2280 740 2366 perpaucis
768 2281 853 2345 illis
882 2281 1146 2365 Iliupersidis
1172 2281 1301 2346 Stesi-

127 2397 297 2462 choreae
320 2398 563 2482 fragmentis
586 2397 761 2461 tabulam
786 2407 964 2462 nostram
989 2393 1235 2462 abhorrere“.

237 2631 325 2694 Tum
360 2630 543 2713 Seeliger
578 2630 623 2713 (p.
648 2632 702 2704 33)
738 2629 873 2694 tabulae
908 2629 1011 2693 fidem
1048 2652 1087 2693 ea
1121 2651 1157 2693 re
1193 2629 1301 2693 minui

127 2747 274 2832 putavit,
303 2746 392 2831 quod
416 2745 550 2810 Aeneas
580 2745 682 2810 nimis
706 2745 941 2828 celebraretur,
972 2753 1006 2809 et
1030 2768 1203 2830 nunquam
1227 2745 1301 2809 fieri

127 2863 280 2948 potuisse
308 2862 502 2947 explicavit,
525 2867 564 2926 ut
592 2861 850 2926 Stesichorus
877 2861 940 2925 vir
968 2863 1144 2927 Graecus
1172 2863 1300 2926 locum

127 2979 237 3042 tanti
251 2979 443 3043 momenti
458 2977 618 3043 Aeneae
633 2978 836 3042 tribueret
851 2977 961 3042 hosti
979 2977 1161 3042 barbaro:
1184 2977 1301 3042 Vitam

128 3095 359 3160 Stesichorum
395 3095 556 3159 Himerae
595 3093 745 3179 degisse3
786 3093 950 3158 finitimos
974 3094 1115 3178 Elymos
1140 3094 1300 3158 Troiano-

127 3233 205 3274 rum
228 3211 520 3296 Phocensiumque
545 3211 744 3295 progeniem
767 3210 883 3292 fuisse,
911 3209 1149 3294 Thucydidem
1173 3209 1244 3292 (VI,
1267 3213 1300 3288 2)

127 3326 275 3407 tradere;
313 3327 458 3391 Graecos
493 3326 605 3391 medio
641 3325 774 3390 saeculo
804 3325 948 3410 septimo
972 3325 1136 3391 finitimos
1160 3326 1300 3411 Elymo·

127 3465 204 3508 rum
227 3444 334 3508 iactos
363 3443 460 3507 hellis
496 3442 667 3531 continuis
704 3464 780 3506 oum
814 3442 857 3506 iis
886 3464 1084 3526 congressos
1112 3465 1195 3506 esse.
1256 3443 1302 3509 Ut

128 3580 210 3624 vero
235 3559 357 3624 Graeci
379 3582 416 3624 re
444 3581 524 3623 vera
550 3557 761 3624 adversarios
785 3580 861 3624 suos
890 3559 1111 3643 agnovissent
1138 3559 1301 3623 Troianos

127 3681 263 3762 patrum
280 3676 405 3758 hostes,
422 3675 610 3740 certissime
623 3675 791 3740 Graecum
813 3675 911 3739 illum
927 3682 1063 3761 poetam
1081 3675 1302 3738 Himeraeum

127 3815 198 3857 non
233 3813 272 3856 eo
305 3791 418 3856 studio
448 3791 588 3856 ductum
613 3814 695 3874 esse,
730 3801 770 3856 ut
793 3791 943 3856 hostium
967 3792 1167 3875 Elymorum
1190 3792 1301 3875 gratia

128 3908 278 3974 carmine
306 3908 491 3974 celebraret
518 3908 670 3973 Aeneam
698 3907 841 3973 hostem.
876 3904 995 3973 vTune
1029 3907 1131 3972 etiam
1163 3929 1301 3971 necesse

126 4024 244 4107 fuisse,
291 4030 331 4089 ut
375 4024 412 4090 in
451 4023 603 4090 Siciliam
642 4025 751 4110 ipsam
789 4024 1001 4108 immigraret
1038 4023 1173 4088 Aeneas
1211 4022 1301 4107 apud

126 4185 341 4195 .......-.-.-—--.-

235 4271 297 4338 211)
317 4269 429 4336 Robcrt,
448 4269 562 4324 Homer.
582 4269 692 4336 Becher,
711 4270 728 4324 l.
748 4270 766 4323 l.
786 4287 811 4341 p.
832 4271 890 4359 73..

1091 4378 1105 4430 7
