2872 4912
623 302 819 365 ..3-

134 468 345 564 Στησίχορον]
364 479 559 562 illustravit,
583 479 751 565 siquidem
768 480 1046 566 inscriptionibus
1071 481 1141 545 eius
1158 482 1305 567 aliquam

133 594 237 659 fidem
272 594 423 660 tribuere
457 617 648 681 possumne,
685 618 770 681 quae
805 604 931 682 quanta
966 597 1012 662 sit
1046 597 1140 676 fides,
1177 599 1304 682 optime

133 711 308 796 explorare
332 719 433 797 atque
458 711 649 776 examinare
673 713 869 798 poterimus,
904 714 934 777 si
957 713 1074 778 Iliadis
1103 715 1304 778 Homericae

133 827 285 893 carmina
322 828 503 892 memoriae
541 835 676 893 nostrae
715 829 851 914 prodita
897 829 1181 915 composuerimus
1228 853 1304 895 cum

131 943 267 1008 tabulae
290 943 413 1009 Iliacae
449 944 553 1027 zonis,
589 945 715 1031 quippe
750 967 834 1030 quae
869 946 1020 1030 singulos
1049 945 1167 1010 iliadis
1199 946 1304 1010 libros

132 1058 341 1144 imaginibus
365 1060 587 1125 illustravisse
604 1083 639 1124 se
662 1060 885 1146 profiteantur
908 1062 1119 1147 singulorum
1143 1062 1304 1126 librorum

131 1175 257 1240 litteris
279 1177 335 1242 vel
359 1177 508 1240 numeris
533 1176 682 1241 additia·
725 1220 729 1228 ·

241 1291 344 1377 Apud
372 1292 560 1358 Ottonem
588 1287 720 1370 Iahn⁸)
755 1315 835 1357 vero
871 1293 971 1357 duae
1008 1301 1169 1358 exstant
1203 1294 1304 1358 deli-

133 1407 343 1472 neationes
368 1408 512 1480 tabulae.
536 1409 642 1473 altera
658 1408 845 1492 Feodori,
871 1410 1011 1493 pictoris
1027 1411 1173 1492 Russici,
1199 1412 1305 1475 altera

132 1523 330 1588 Ludovioi
347 1523 506 1607 Schulz,
532 1525 749 1590 delineatoris
773 1525 929 1590 Instituti
942 1525 1202 1611 Archaeologici
1220 1527 1303 1590 Ger-

132 1640 268 1723 manici,
298 1663 316 1703 e
340 1639 461 1724 quibus
485 1640 659 1706 Feodorea
683 1642 794 1727 imago
818 1642 925 1706 lineas
950 1644 1142 1727 formasque
1166 1643 1305 1728 praebet

132 1757 240 1820 multo
264 1755 466 1834 subtiliores,
498 1758 731 1840 accuratiores,
768 1758 992 1841 elegantiores
1021 1781 1121 1843 quam
1146 1765 1304 1845 eotypum

133 1873 256 1957 ipsum,
286 1894 362 1937 cum
386 1873 563 1938 Sohulzius
588 1874 755 1938 contrario
779 1874 879 1938 modo
902 1876 1061 1960 peccarit,
1097 1876 1222 1960 quippe
1247 1877 1305 1960 qui

131 1989 272 2070 veritus,
307 2012 350 2052 ne
385 1989 520 2073 longius
544 1989 804 2075 progrederetur
833 1990 1036 2074 modumque
1065 1991 1244 2055 excederet
1267 1993 1304 2056 in

132 2103 252 2186 figuris
277 2104 512 2188 depingendis,
549 2105 665 2190 ectypi
699 2107 824 2171 formas
849 2106 1034 2170 delinearet
1057 2107 1160 2171 nimis
1184 2108 1304 2173 dubias

132 2226 235 2305 atque
258 2217 446 2301 incertas4).
495 2221 615 2302 Quare,
650 2244 693 2286 ne
728 2221 878 2286 tabulam
902 2222 1166 2307 interpretantes
1191 2223 1304 2288 dubiis

131 2342 304 2401 uteremur
337 2337 552 2421 testimoniis,
590 2338 679 2422 quod
715 2338 832 2402 ambae
864 2337 1108 2404 delineationes
1145 2340 1180 2402 in
1205 2341 1304 2405 rebus

132 2453 345 2536 gravissimis
381 2454 471 2517 inter
506 2475 541 2516 se
577 2454 780 2538 discrepant,
813 2461 852 2517 ut
886 2476 947 2539 pro
971 2461 1062 2518 certo
1087 2454 1155 2519 dici
1178 2464 1304 2541 posset,

132 2567 216 2652 quid
249 2568 285 2632 in
308 2570 424 2634 tabula
447 2569 692 2654 pretiosissima
715 2592 751 2634 re
776 2592 856 2634 vera
880 2576 1036 2654 exstaret,
1074 2594 1134 2657 per
1158 2572 1302 2637 amicum

131 2685 173 2748 E.
198 2685 499 2750 Klostermannum
533 2686 690 2770 precibus
726 2687 796 2750 adii
829 2687 1024 2768 Eugenium
1057 2689 1230 2772 Peterson,
1265 2701 1304 2753 ut

130 2822 255 2864 novam
279 2801 413 2866 tabulae
430 2803 616 2886 imaginem
632 2802 717 2866 mihi
735 2803 978 2868 conficiendam
995 2811 1139 2887 curaret3
1165 2805 1303 2888 egregia

130 2923 246 2980 autem
262 2917 499 2982 benevolentia
516 2919 588 2983 eius
605 2920 733 2983 factum
751 2925 810 3001 est,
833 2919 924 2983 utin
941 2919 1003 2983 hac
1020 2921 1303 2985 commentatione

130 3033 375 3098 conscribenda
398 3034 576 3118 imagine
610 3035 662 3098 uti
685 3057 818 3121 possem
846 3035 1168 3118 accuratissima,
1205 3037 1302 3100 solis

129 3170 204 3232 ope
228 3149 390 3214 effecta.
438 3150 512 3227 Qua
535 3151 685 3234 imagine
723 3157 874 3236 spectata
898 3151 1013 3215 statim
1038 3173 1165 3215 errores
1190 3174 1302 3216 earum

127 3264 329 3348 imaginum,
355 3265 476 3350 quibus
494 3265 603 3332 adhuc
618 3272 671 3331 usi
692 3288 816 3350 sumus,
840 3266 1021 3352 patebunt,
1046 3267 1183 3332 omnino
1207 3268 1303 3332 tabu-

127 3381 208 3463 lam,
232 3381 341 3465 qualis
364 3404 456 3447 nunc
480 3387 540 3464 est,
565 3381 849 3445 delineationibus
874 3390 1028 3446 accurate
1045 3384 1189 3468 exprimi
1204 3407 1303 3470 posse

128 3496 338 3581 negaverim,
356 3519 432 3562 cum
448 3519 517 3562 non
534 3498 621 3561 nulli
633 3498 699 3562 loci
712 3497 1011 3583 interpretationes
1023 3500 1079 3563 vel
1092 3500 1302 3564 coniecturas

128 3612 312 3677 admittere
335 3614 519 3679 videantur
541 3613 642 3698 plane
666 3613 828 3696 diversas,
865 3614 898 3678 id
936 3615 1025 3699 quod
1050 3616 1241 3699 exemplum
1264 3624 1303 3680 ut

128 3728 268 3793 afferam
292 3751 331 3794 ea
353 3729 463 3813 figura
487 3728 631 3811 docebit,
668 3752 753 3815 quae
789 3736 841 3793 est
875 3753 894 3793 a
922 3731 1042 3795 dextra
1065 3737 1161 3815 parte
1185 3738 1302 3817 portae

127 3844 241 3909 medio
266 3845 302 3908 in
319 3855 441 3932 ectypo
461 3845 599 3912 Aeneae
620 3846 716 3911 iuxta
739 3846 935 3927 discessum,
961 3869 1059 3931 quam
1085 3847 1142 3910 alii
1167 3847 1302 3912 simula-

123 3947 222 4026 brum
258 3961 314 4026 dei
349 3961 484 4046 deaeve,
521 3962 581 4027 alii
605 3962 804 4047 Clymenen,
842 3962 900 4027 alii
929 3964 1107 4042 Venerem,
1144 3963 1202 4026 alii
1227 3963 1302 4028 Oel-

236 4235 263 4304 3)
282 4234 363 4301 Inhn,
383 4234 558 4290 Griochische
573 4234 824 4301 Bildorchronikeu,
844 4235 924 4288 Bonn
945 4237 1022 4301 ista,
1042 4235 1098 4289 tab.
1117 4237 1144 4289 A
1163 4237 1301 4290 613Αῆ-

126 4326 153 4393 4)
173 4324 255 4389 Iahn,
273 4324 291 4381 l.
310 4325 328 4378 l.
347 4343 374 4394 p.
394 4326 418 4378 3.

1091 4433 1120 4485 1*
