2872 4912
609 296 826 365 -30-

128 479 251 543 multas
275 501 328 545 res
351 479 488 543 fortiter
504 485 617 563 gestas
634 487 669 545 et
685 480 725 545 ab
742 480 891 545 Homero
908 486 1079 543 enarratas
1095 499 1116 542 a
1132 476 1297 562 sculptore
1335 532 1337 537 .

130 596 305 679 neglectas
322 602 423 680 atque
440 594 579 660 omissas
604 618 675 660 esse
701 596 874 682 vituperat
897 595 1052 680 quamvis
1077 593 1298 661 illustratione

130 713 262 795 dignas.
311 711 401 788 Quin
426 711 529 775 etiam
553 711 598 797 (p.
612 711 668 793 25)
686 711 838 776 Achilles
862 712 903 776 ab
929 712 978 776 ira
1002 710 1171 774 desistens
1190 710 1234 789 (v.
1248 711 1297 786 (ll)

129 835 164 891 et
197 822 312 911 νέκταρ
347 821 403 887 καὶ
435 817 598 911 ἀμβροσίη
627 820 773 912 ἐρατεινὴ
798 828 943 893 Achillis
978 826 1107 912 pectori
1135 826 1297 890 instillata

129 942 198 1023 (vv.
224 947 303 1027 347;
329 944 405 1021 353)
438 943 517 1008 libri
551 944 799 1008 undevicesimi
831 944 954 1009 abillo
978 943 1015 1007 in
1039 947 1163 1027 ectypo
1188 947 1297 1006 nostro

131 1060 293 1125 videntur
321 1060 511 1124 desiderata
535 1083 617 1124 esse.
665 1061 741 1125 Non
778 1060 954 1124 dissimilis
990 1057 1126 1123 videtur
1149 1059 1296 1122 Konstas

131 1177 289 1241 carminis
304 1177 467 1243 nostratis
484 1178 610 1241 rustico
632 1177 683 1240 illi
700 1176 861 1261 apictore
876 1175 1019 1261 quodam
1036 1175 1181 1261 petenti,
1206 1180 1246 1238 ut
1257 1195 1297 1256 se,

130 1315 280 1376 uxorem,
316 1293 451 1376 liberos,
486 1294 660 1376 familiam,
698 1292 834 1356 domum
869 1315 963 1356 suam
987 1298 1164 1376 totumque
1187 1291 1296 1354 vicum

128 1433 195 1474 una
231 1410 396 1495 depingat
431 1410 591 1494 imagine.
650 1409 754 1473 Plane
789 1411 869 1474 uero
902 1431 979 1472 eum
1006 1407 1098 1492 fugit
1133 1407 1297 1490 imagines

129 1526 204 1590 illas
228 1527 368 1590 Homeri
393 1548 434 1590 ex
457 1525 574 1609 iliade,
608 1524 744 1589 Arctini
769 1548 809 1589 ex
832 1523 1048 1610 Aethiopide,
1084 1523 1238 1588 Leschae
1261 1544 1297 1586 ex

128 1642 235 1705 iliade
277 1664 382 1727 parva
425 1649 575 1726 sumptas
621 1641 718 1726 quasi
761 1647 998 1705 ornamentum
1040 1661 1113 1704 esse
1159 1639 1297 1705 circum-

128 1758 223 1822 datas
268 1757 463 1843 Iliupersidi
510 1757 752 1840 Stesichcreae‚
801 1780 865 1842 quc
907 1757 960 1821 vis
998 1757 1132 1820 tabulae
1169 1756 1297 1821 medius

128 1881 318 1959 augeretur,
343 1896 428 1959 quae
445 1896 520 1938 cum
532 1873 589 1938 Ilii
613 1873 781 1938 excidium
807 1880 877 1938 tum
891 1873 1028 1939 Aeneae
1045 1873 1082 1937 in
1096 1873 1297 1958 Hesperiam

128 1991 312 2056 discessum
336 1989 613 2076 repraesentavit,
638 2012 722 2074 quae
746 2012 799 2054 res
815 1991 978 2055 Romanis
1000 1990 1122 2054 summi
1139 1988 1300 2055 videlicet

128 2114 200 2173 erat
223 2107 396 2172 momenti.

239 2250 342 2313 Nullo
388 2250 461 2313 iure
507 2257 641 2335 praeter
678 2251 849 2314 Konstam
895 2249 1075 2333 Seeliger
1120 2250 1299 2334 praecipue

129 2366 264 2430 tabulae
287 2366 418 2430 mediae
441 2366 543 2430 fidem
561 2367 598 2431 in
622 2366 762 2431 dubium
778 2361 970 2449 vocavit,⁶¹)
994 2388 1104 2450 neque
1127 2387 1210 2430 vero
1235 2365 1305 2430 suf-2

129 2480 247 2545 ficient
270 2504 388 2546 causae
417 2483 459 2546 ab
483 2483 551 2546 illis
579 2483 729 2567 prolatae
752 2482 794 2546 ad
823 2481 1060 2546 auctoritatem
1089 2481 1162 2546 eius
1192 2483 1298 2546 minu-

133 2596 253 2661 endam
271 2604 328 2661 aut
343 2599 444 2683 plane
460 2598 648 2662 delendam.
685 2599 804 2682 Neque
827 2605 942 2662 tamen
966 2597 1143 2682 opiniones
1167 2597 1299 2662 illorum

129 2735 245 2777 omnes
269 2713 332 2778 hoc
360 2715 433 2778 loco
461 2715 616 2778 refellere
644 2714 797 2798 conabor,
832 2714 991 2799 quoniam
1019 2713 1140 2777 melius
1169 2712 1213 2777 de
1238 2713 1300 2777 illis

129 2836 257 2914 agetur,
283 2852 358 2894 cum
375 2829 509 2894 tabulae
526 2831 667 2914 mediae,
693 2853 758 2915 qua
774 2830 949 2915 Iliupersis
967 2828 1154 2895 Stesichori
1169 2852 1301 2916 reprac-

129 2953 290 3030 sentatur,
333 2953 569 3030 argumentum
613 2968 845 3031 summamque
897 2952 997 3030 atque
1047 2945 1179 3009 veriam
1232 2947 1305 3010 eius

129 3064 443 3148 interpretationem
460 3064 728 3147 cognoverimus.
768 3063 878 3140 Quare
902 3063 939 3126 in
962 3063 1087 3126 finem
1105 3085 1300 3127 commen·

129 3179 298 3243 tationis
322 3178 422 3243 hanc
446 3179 768 3264 disputationem
791 3180 945 3244 reicere
973 3177 1072 3242 mihi
1095 3177 1236 3243 liceat.

237 3403 335 3466 Nunc
382 3424 500 3488 operae
543 3404 690 3488 pretium
735 3404 800 3467 erit
845 3402 1067 3487 inquirere,
1114 3423 1133 3465 e
1172 3402 1302 3467 medis

129 3518 291 3583 tabulae
314 3518 465 3583 iliacae
490 3520 697 3605 sculptura
720 3543 811 3584 num
833 3518 929 3604 quid
945 3518 1040 3583 novi
1057 3539 1301 3601 cognoscere

129 3635 339 3719 possimus,
384 3636 488 3718 quod
527 3632 762 3702 Stesichoreac
805 3634 1026 3719 lliupersidis
1071 3635 1302 3718 fragmenta

129 3750 252 3815 litteris
287 3751 383 3815 nobis
417 3759 549 3816 servata
577 3752 787 3837 compleat.
834 3753 1007 3837 Ectypum
1034 3750 1187 3815 medium
1212 3753 1301 3817 enim

130 3866 368 3953 lliupersidem
396 3868 581 3932 secundum
615 3868 845 3932 Stesichorum
877 3873 1131 3953 repraesentare
1162 3889 1199 3931 se
1228 3891 1301 3954 pro·

130 3983 246 4047 fitetur
269 3984 493 4070 inscriptione
517 3983 646 4047 addita:
669 3971 773 4044 Ἰλίου
797 3977 914 4066 utpote
938 3974 1022 4043 κατὰ
1048 3976 1259 4069 Στησίχορον.

239 4242 282 4304 (ll)
302 4240 426 4309 Sceliger‚
450 4238 494 4292 dic
516 4220 741 4308 Ucbcrlieferung
763 4238 811 4292 der
833 4238 933 4309 griech.
958 4237 1132 4309 Heldensage
1156 4240 1201 4293 bei
1221 4241 1303 4298 Stesi-

129 4331 235 4386 chorus.
273 4332 367 4400 Progr.
387 4330 504 4382 Mcissen
526 4329 602 4382 1886.
