2872 4912
606 278 825 347 ..62-

126 457 229 524 etiam
264 459 390 544 optime
425 459 594 524 sententia
628 459 685 523 illa
720 460 840 525 referri
867 467 990 546 potest,
1027 484 1112 546 quae
1137 458 1297 542 (Arotini)

127 577 321 641 continetur
343 575 405 640 hoc
430 571 605 653 versu¹¹⁰):

278 682 398 775 νήπιος
422 666 457 764 ὃς
480 685 609 773 πατέρα
632 684 765 752 κτείνων
787 689 915 767 παῖδας
938 686 1143 778 καταλείπει,

128 809 185 893 qui
219 808 346 893 optime
375 808 517 892 quadrat
545 808 580 871 in
611 814 755 872 ceteram
780 809 892 875 Ulixis
916 810 1146 893 calliditatem,
1185 811 1298 896 provi-

130 925 291 1007 dentiam,
316 924 512 989 versutiam.

235 1040 331 1118 Quis
370 1042 526 1125 ceperit
563 1038 883 1120 Andromachen,
930 1042 1018 1126 quis
1056 1043 1300 1107 mactaverit

127 1158 415 1242 Astyanactem
443 1156 531 1242 apud
561 1155 789 1221 Stesichorum
822 1178 882 1242 pro
912 1165 1003 1223 certo
1032 1157 1214 1223 diiudicari
1243 1159 1299 1223 vix

127 1274 261 1359 poterit.
310 1273 476 1351 Quoniam
504 1279 616 1336 autem
645 1272 767 1337 Ulixe
795 1281 930 1338 auctore
966 1280 1000 1337 et
1029 1295 1164 1339 suasore
1195 1275 1297 1360 Asty·

128 1390 256 1454 anaotis
281 1412 346 1453 nex
370 1388 504 1454 decreta
528 1395 590 1470 est,
613 1388 701 1452 nihil
717 1389 838 1472 obstat,
864 1391 1042 1474 quominus
1055 1390 1300 1475 Astyanactem

128 1505 316 1570 necandum
345 1527 477 1590 quoque
502 1504 595 1570 Ulixi
624 1504 714 1590 apud
739 1505 970 1570 Stesichorum
998 1506 1202 1592 permissum
1228 1529 1299 1572 esse

128 1623 325 1703 iudicemus,
350 1623 438 1685 sicut
461 1621 624 1686 Arctiuus
647 1621 798 1685 narravit
820 1643 888 1686 una
912 1645 988 1686 cum
1005 1621 1246 1708 Tryphiodoro
1269 1629 1301 1687 et

128 1733 318 1816 Tzetza.¹¹¹)
352 1737 613 1802 Andromachen
638 1743 750 1801 autem
775 1744 907 1822 captam
931 1737 1032 1802 etad
1056 1760 1160 1804 naves
1177 1739 1300 1804 abduc·

127 1864 197 1918 tam
220 1877 292 1918 6666
313 1877 332 1918 6
349 1853 609 1939 Neoptolemo
626 1853 837 1936 crediderim,
861 1854 1042 1938 quodcum
1059 1853 1303 1942 mythographi

127 1971 231 2054 vulgo
267 1971 493 2052 consentiunt,
530 1991 602 2033 eam
631 1970 853 2055 Neoptolemo
884 1971 1072 2055 praemium
1107 1991 1301 2036 concessam

128 2109 209 2170 esse,
234 2092 308 2150 tum
330 2085 513 2171 Euripides
537 2093 572 2149 et
587 2085 733 2150 Lesches
758 2085 905 2150 dilucide
928 2080 1139 2168 caranum),
1165 2086 1302 2153 Andro·

128 2202 271 2267 macheu
299 2224 318 2266 6
341 2202 563 2286 Neoptolemo
592 2202 633 2266 ad
669 2224 773 2268 naves
802 2201 981 2266 deductam
1010 2224 1083 2266 6666
1119 2203 1302 2288 captivam.

127 2319 169 2382 Iu
203 2319 318 2383 tabula
352 2318 458 2402 igitur
491 2317 595 2383 Iliaca
629 2318 719 2382 haud
754 2318 823 2383 scio
856 2340 899 2382 an
934 2317 1028 2382 tituli
1064 2309 1302 2398 Νεοπτόλεμος

128 2441 163 2499 et
183 2423 357 2507 Ὀδυσσεὺς
380 2433 555 2498 6111616616
580 2433 760 2520 supplendi
784 2435 860 2498 sint.

235 2551 340 2616 Initio
368 2551 526 2614 Hectoris
555 2550 591 2614 in
620 2552 772 2636 sepulcro
808 2549 919 2614 medic
947 2549 1124 2633 ingentem
1153 2551 1304 2646 clipeum

15 2721 16 2725 ,
129 2691 204 2733 cum
228 2669 326 2752 signo
350 2667 458 2731 leonis
482 2666 592 2730 inesse
615 2672 823 2751 putaveram,
847 2667 905 2751 qui
928 2687 989 2730 nos
1013 2664 1239 2751 Astyanactis
1264 2668 1303 2731 de

127 2784 301 2869 sepultura
317 2783 460 2847 doceret.
490 2782 666 2867 Euripidis
683 2783 827 2847 enimin
845 2781 1033 2846 Troadibus
1048 2779 1096 2862 (v.
1113 2784 1199 2847 1181
1216 2783 1302 2869 sqq.)

127 2899 385 2965 Andromachae
413 2898 616 2981 conceditur,
645 2905 684 2962 ut
718 2897 862 2962 filiolum
886 2898 1123 2963 obtruncatum
1146 2899 1301 2984 sepeliat,

128 3017 243 3101 ibique
266 3015 423 3080 Hectoris
447 3014 575 3098 clipeus
599 3014 663 3088 filii
687 3014 783 3099 quasi
806 3015 847 3078 fit
870 3036 959 3079 arca:

340 3120 409 3191 ἀλλ’
437 3113 492 3192 οὖν
514 3125 680 3214 πατρῴων
704 3119 740 3191 οὐ
764 3121 871 3207 λαχών
894 3123 976 3205 ἕξεις
1000 3119 1089 3208 ὅμως

340 3242 373 3307 ἒν
396 3229 417 3332 ᾗ
439 3238 572 3331 ταφήσῃ
594 3238 799 3323 χαλκόνωτον
823 3238 924 3310 ἰτέαν.

235 3366 321 3430 0616
343 3364 464 3429 Iahnio
488 3363 630 3448 aliisque
654 3363 690 3427 in
713 3363 803 3427 hunc
827 3385 974 3426 errorem
997 3361 1137 3426 incertis
1154 3363 1303 3428 Feodori

129 3488 163 3546 et
179 3480 328 3547 Schulzii
345 3479 628 3545 delineationibus
644 3479 803 3544 inductus
828 3500 912 3542 sum.
958 3478 1000 3542 In
1016 3483 1133 3541 nostra
1149 3478 1302 3564 imagine

129 3599 242 3663 statim
268 3597 491 3680 cognoscitur,
516 3597 663 3682 clipeum
675 3617 786 3679 neque
803 3595 934 3658 tumulo
958 3592 1167 3678 impositum,
1193 3617 1302 3681 neque

127 3715 215 3778 muri
238 3713 280 3777 ad
304 3714 465 3796 angulum
488 3713 691 3777 acclinatum
716 3733 797 3794 esse,
817 3710 875 3774 sed
889 3711 952 3774 hoc
965 3710 1077 3795 ipsum
1102 3731 1177 3774 6666
1202 3717 1302 3797 caput

129 3831 217 3916 cippi
244 3828 284 3894 ab
309 3829 464 3893 omnibus
487 3828 639 3913 partibus
664 3827 768 3892 muris
797 3827 929 3909 inclusi,
955 3832 993 3890 ut
1016 3824 1171 3911 pluribus
1201 3849 1303 3914 supra

236 4041 296 4103 110)
325 4040 409 4094 016111.
429 4037 606 4091 Alexandrin.
626 4043 719 4090 strom.
739 4036 790 4101 Vl,
805 4055 831 4106 p.
856 4039 918 4100 mu
938 4036 972 4089 cf.
993 4034 1127 4100 Wcloker,
1152 4036 1207 4106 Ep.
1228 4037 1302 4107 Cycl.

128 4131 167 4196 H,
194 4149 220 4200 p.
251 4131 313 4194 1873
341 4130 378 4182 kl.
399 4128 475 4183 Schr.
496 4128 519 4193 I,
547 4145 573 4196 p.
593 4129 656 4191 3573
681 4126 822 4196 Aristoph.
842 4126 912 4179 Ran.
933 4127 1010 4178 14111.
1040 4155 1071 4162 —-
1103 4127 1166 4189 111)
1196 4127 1302 4181 Arctin.

127 4239 177 4274 sec.
197 4220 286 4273 Procli
300 4219 443 4273 chrestum.
455 4218 494 4283 Il,
514 4220 542 4281 11;
560 4216 709 4286 Tryphiod.
729 4217 812 4285 lliup.
824 4217 958 4279 orl-463
977 4215 1065 4267 Treta
1080 4213 1178 4268 Posth.
1193 4218 1256 4270 734.
1272 4249 1301 4256 -

130 4311 190 4381 112)
212 4311 305 4380 Eurip.
315 4308 413 4363 Troad.
425 4308 559 4371 etit-i&
579 4307 696 4360 Lcschee
715 4305 789 4377 apud
802 4306 891 4359 Tzeta
904 4306 932 4357 in
946 4303 1120 4373 Lycophron.
1130 4304 1213 4360 Alex.
1227 4306 1303 4361 1263.
