2872 4912
528 314 569 323 —-
619 278 681 344 loo
729 316 769 323 —

54 481 131 524 roes
155 458 277 524 Graeci
301 464 455 542 egerunt,
480 457 539 543 qui
563 457 640 542 equi
664 457 771 542 lignei
794 458 829 521 in
857 458 953 522 alveo
978 465 1075 521 erant
1098 452 1231 540 inclusi,

54 598 132 640 cum
179 574 319 639 Troiani
363 573 629 638 comissabantur
671 574 868 659 laetitiaque
918 573 1141 638 exsultabant.
1189 609 1229 616 —

56 691 147 755 Aiax
172 691 263 755 Ileus
299 689 450 773 (Bergk,
488 691 529 754 fr.
555 690 608 767 84)
632 690 667 753 in
696 690 899 775 Iliuperside
923 688 1135 754 Stesichorea
1151 689 1231 752 Oas-

56 806 215 871 sandram
231 806 406 870 Minervae
431 806 472 868 de
497 806 623 891 templo
651 806 804 871 revulsit.
835 842 875 850 ·-
904 805 1010 870 Sinon
1034 795 1231 884 μεοόνοξῖἳθ)

54 923 207 1006 (Bergk,
248 924 289 986 fr.
331 923 384 996 si)
432 943 556 1006 equum
595 923 746 1005 ligneum
791 921 940 1005 reclusit,
993 928 1093 1007 atque
1134 921 1231 985 Euri·

54 1038 148 1123 pidis
182 1038 323 1102 Hecuba
358 1037 402 1116 (V.
428 1039 505 1118 897)
541 1038 707 1122 queritur:
743 1028 954 1116 μεσονύκτιος
990 1027 1150 1115 ὠλλύμον.
1189 1073 1230 1081 -

54 1155 238 1219 Praeterea
249 1154 392 1237 Bergkii
405 1155 596 1237 fragmenta
609 1152 820 1217 Stesichorea
834 1154 1232 1219 28-53—70-79-94

56 1278 92 1335 et
118 1270 152 1333 in
176 1270 415 1355 Iliupersidem
453 1277 487 1334 et
516 1269 552 1334 in
576 1270 642 1333 alia
667 1269 853 1334 Stesichori
880 1271 1029 1334 carmina
1053 1268 1230 1353 quadrant.

57 1386 259 1450 Relationes
288 1386 337 1449 sic
372 1385 516 1471 saepius,
554 1407 664 1470 neque
688 1407 767 1450 vero
792 1393 882 1449 certa
907 1385 1109 1450 documenta
1132 1406 1231 1469 argu-

56 1508 242 1587 menteque
267 1501 363 1566 efferi
387 1507 538 1586 possunt.

166 1732 330 1797 Videmus
354 1739 543 1818 temporum
561 1733 693 1798 invidia
710 1732 891 1798 admodum
909 1755 1015 1818 pauca
1036 1734 1230 1818 fragmenta

57 1858 150 1914 certa
174 1855 208 1912 et
237 1871 275 1913 ea
310 1849 454 1914 maxime
479 1856 599 1914 trunca
627 1849 851 1934 mutilataque
889 1849 1068 1913 memoriae
1096 1856 1232 1913 nostrae

58 1964 247 2029 Stesichori
264 1987 304 2028 ex
320 1965 522 2050 Iliuperside
540 1972 747 2030 conservata
764 1987 846 2049 esse,
871 1965 965 2029 cuius
990 1965 1040 2029 rei
1057 1987 1097 2030 eo
1122 1966 1232 2049 magis

57 2103 122 2146 nos
145 2081 242 2166 piget
266 2087 367 2165 atque
390 2081 537 2166 miseret,
569 2103 634 2166 quo
658 2081 818 2146 maiorem
842 2081 913 2146 vim
937 2081 1231 2145 etauctoritatem

58 2196 253 2263 Stesichoro
275 2197 491 2281 potissimum
515 2197 707 2280 tribuimus,
733 2197 852 2283 quiin
876 2196 1018 2261 historia
1040 2197 1232 2262 litterarum

59 2314 267 2378 Graecarum
296 2313 515 2398 praecipuum
542 2313 653 2378 locum
682 2335 780 2377 suum
813 2319 914 2398 atque
943 2313 1116 2396 insignem
1144 2313 1231 2379 obti-

56 2430 151 2494 nuit:
195 2429 446 2514 ,Stesichorum
490 2451 590 2514 quam
630 2429 675 2492 sit
714 2429 853 2514 ingenio
888 2428 1032 2511 validuS,
1070 2429 1231 2494 materiae

57 2567 191 2631 quoque
227 2546 421 2628 ostendunt,
456 2544 604 2609 maxima
631 2544 720 2609 bella
753 2552 786 2608 et
815 2544 1018 2610 clarissimos
1052 2553 1230 2611 canentem

57 2663 162 2726 duces
187 2669 221 2726 et
238 2661 326 2744 epici
350 2661 510 2725 carminis
528 2682 630 2724 onera
652 2660 727 2744 lyra
743 2660 984 2743 sustinentem3
1009 2662 1123 2727 reddit
1140 2663 1230 2726 enim

54 2777 212 2866 personis
236 2777 273 2840 in
298 2777 430 2860 agendo
454 2777 554 2840 simul
575 2777 811 2862 loquendoque
829 2776 978 2842 debitam
1004 2773 1227 2862 dignitatem“

54 2893 282 2976 Stesichorus,

172 2990 219 3084 οὗ,
244 3000 328 3068 aurei
352 2999 554 3093 Πυθαγόρου
578 3001 720 3093 φοοικοὶν
744 3000 854 3093 φοὶτιν,
880 2998 901 3068 ἆ
924 3003 1005 3092 πρὶν
1025 2997 1169 3092 Ὁμήρου

174 3116 261 3206 dloqui
285 3119 332 3184 ἐνὶ
356 3119 500 3210 στέρνοις
524 3117 671 3210 δεύτερον
695 3114 849 3207 ᾠκίσατο.
