2872 4912
603 243 821 308 ..ssss-

240 422 333 502 Quae
369 424 484 489 subter
518 422 605 487 hanc
640 430 691 487 est
719 421 847 486 femina
870 443 1007 508 corpore
1030 421 1191 509 resupino
1217 420 1302 484 haud

134 541 203 604 scio
227 563 267 605 an
286 540 447 605 Medusae
470 546 609 626 propter
631 537 919 625 propinquitatem
942 539 1171 622 Polygnotum
1198 537 1302 601 secuti

131 655 334 721 Laodicen
351 655 522 743 appellare
535 656 711 741 possimus,
731 654 772 717 de
787 676 853 738 qua
865 653 1050 717 Pausanias
1064 653 1146 717 haee
1161 652 1302 717 tradidit

132 773 191 855 (X,
207 775 260 856 26,
276 776 322 852 7);
345 771 410 831 Τοῦ
426 770 541 850 βωμοῦ
566 765 601 830 δὲ
625 765 778 831 ἐπέκεινα
795 762 968 854 Λαοδίκην
984 761 1125 851 ἔγραψεν
1141 761 1300 828 ἑστῶσαν·

131 879 252 973 ταύτην
287 877 360 948 οὔτε
394 876 462 947 tect
497 885 642 971 ποιητοῦ
674 879 921 970 κατειλεγμένην
953 881 986 944 ἒν
1026 884 1099 958 ταῖς
1132 875 1301 962 αἰχμαλώ-

132 1024 202 1077 τοις
225 1003 299 1077 ταῖς
328 994 478 1086 Τριοοίσιν
499 992 656 1085 εδρισκον,
680 990 753 1062 οδτε
774 990 881 1075 ἄλλως
902 994 1054 1085 ἐφαίνετο
1072 992 1155 1076 digero
1182 1022 1240 1078 μοι
1269 992 1301 1060 τδ

132 1111 220 1193 είκδς
232 1107 253 1204 ἢ
266 1110 430 1204 ἀφεθῆναι
446 1111 504 1203 την
515 1111 689 1202 Λαοδίκην
707 1107 775 1178 διεδ
786 1106 947 1203 Ἑλλήνιον
960 1165 966 1177 .
982 1164 989 1176 .
1005 1167 1012 1181 .
1028 1154 1056 1181 .-.
1082 1108 1259 1200 Εὐφορίων
1271 1112 1302 1176 δὲ

132 1226 211 1320 ἀνὴρ
227 1227 410 1309 Χαλκιδεδς
433 1227 491 1295 σὺν
516 1225 621 1295 οὐδενί
646 1226 748 1295 εἰκότι
773 1226 814 1294 τοὶ
831 1228 864 1307 ἐς
879 1226 938 1319 τὴν
949 1226 1124 1318 Λαοδίκην
1136 1226 1301 1318 ἐποίησεν.

129 1341 264 1436 Ἐφεξῆς
299 1346 335 1412 δὲ
369 1351 411 1437 τῇ
439 1344 627 1436 Λαοδίκη.
655 1399 661 1411 .
689 1399 695 1411 .
722 1345 913 1411 Μέδουσα.
940 1397 946 1410 .
973 1396 980 1409 .
1005 1340 1175 1433 κάθηται·
1207 1343 1243 1408 ἐν
1271 1344 1303 1409 δὲ

131 1467 205 1541 ταῖς
228 1459 384 1550 Πριάμου
408 1459 613 1551 θυγατράσιν
641 1456 828 1551 δριδμησαι
855 1487 904 1539 τις
933 1455 972 1526 δν
995 1459 1051 1526 καί
1075 1457 1197 1549 ταύτην
1221 1458 1303 1526 κατδ

131 1583 190 1644 τοῦ
210 1572 369 1667 Ἱμεραίου
393 1575 451 1668 την
475 1572 572 1668 ηἰδήν.

238 1699 395 1764 Tradidit
418 1700 524 1783 igitur
548 1700 770 1782 Stesichorus,
797 1695 972 1782 ,‚etiam“
997 1698 1175 1762 Medusam
1199 1698 1303 1762 filiam

131 1839 204 1880 esse
217 1817 355 1898 Priami,
382 1815 470 1900 quod
494 1815 585 1880 idem
610 1817 651 1879 de
667 1816 734 1880 alia
750 1815 890 1879 muliere
914 1815 955 1879 ab
980 1837 1018 1879 eo
1042 1815 1209 1878 traditum
1235 1837 1304 1879 esse

130 1939 268 2019 propter
300 1931 404 1997 verba
439 1926 515 2016 „aci
551 1923 692 2016 ταύτηνι
727 1930 989 1995 existimandum
1018 1937 1082 2010 est;
1122 1932 1307 1996 antecessit

134 2056 247 2112 autem
263 2048 427 2113 Laodices
450 2070 585 2130 nomen,
611 2071 720 2133 quam,
747 2048 775 2111 si
791 2047 980 2112 Pausaniae
1004 2046 1107 2111 verba
1131 2048 1305 2131 sequimur

131 2163 404 2248 diligentissimo,
420 2165 533 2228 nullus
549 2173 650 2250 poeta
666 2165 835 2250 captivam
849 2161 1028 2227 abductam
1041 2185 1114 2226 esse
1131 2185 1150 2226 a
1164 2164 1304 2228 Graecis

132 2280 416 2362 commemoravit,
454 2287 590 2368 praeter
624 2279 887 2366 Euphorionem.
946 2278 1035 2356 Quid
1071 2279 1173 2362 ergo?
1224 2281 1304 2364 Egit

132 2396 344 2461 Stesichorus
369 2395 410 2460 de
423 2396 579 2479 Laodice,
604 2419 673 2462 non
696 2395 768 2479 egit
781 2395 822 2459 de
834 2394 981 2460 Laodice
994 2396 1093 2459 itaut
1104 2396 1302 2482 Euphorion
1338 2461 1340 2471 ,

134 2512 377 2594 Chalcidensis,
403 2514 462 2597 qui
486 2536 560 2577 eam
584 2514 674 2578 inter
691 2513 843 2598 captivas
859 2511 1052 2576 numeravit
1068 2511 1169 2576 solus.
1212 2514 1303 2577 Duae
1338 2544 1340 2557 =

132 2627 255 2692 deinde
301 2629 386 2694 aliae
430 2629 563 2693 fabulae
607 2630 735 2693 formae
781 2635 925 2711 exstant,
974 2650 991 2691 o
1032 2627 1154 2712 quibus
1201 2630 1303 2692 altera

1085 2738 1150 2826 125),
1188 2745 1300 2825 altera,

132 2756 254 2827 narrat,
280 2745 452 2809 Laodicen
475 2746 588 2811 vivam
613 2768 632 2808 a
656 2745 761 2808 Terra
784 2767 857 2808 esse
881 2743 1077 2808 devoratam

131 2860 302 2925 Laodicen
326 2884 345 2925 a
369 2861 509 2925 Graecis
533 2861 725 2925 libertatem
750 2860 907 2946 adeptam
937 2882 1019 2924 esse.
1077 2861 1177 2924 Illam
1208 2860 1301 2924 fabu-

131 2977 197 3040 lam
220 2977 405 3042 Pausanias
430 2983 464 3041 et
488 2977 699 3042 Stesichorus
722 2976 882 3041 videntur
906 2977 1093 3060 ignorasse;
1133 2977 1223 3041 hanc
1248 2999 1301 3040 au·

132 3099 211 3176 tem,
236 3092 408 3157 Laodicen
432 3115 451 3157 a
475 3094 614 3158 Graecis
638 3091 778 3156 liberam
805 3091 978 3156 dimissam
1003 3114 1085 3174 esse,
1114 3092 1301 3158 Pausanias

130 3208 283 3294 pluribus
314 3208 428 3273 verbis
453 3209 609 3295 exposuit
632 3215 733 3294 atque
762 3207 904 3294 probare
933 3214 1072 3272 conatus
1108 3214 1162 3272 est
1198 3210 1300 3274 allato

132 3324 234 3388 etiam
248 3324 432 3390 Stesichori
448 3326 593 3390 nomine.
639 3326 757 3410 Neque
781 3323 843 3388 hoo
868 3347 886 3388 a
909 3323 1147 3410 probabilitate
1165 3325 1301 3390 videtur

132 3439 258 3521 abesse,
297 3442 455 3525 quoniam
489 3448 631 3525 constat,
659 3441 716 3504 Ilii
741 3440 777 3504 in
813 3440 944 3505 excidio
974 3446 1202 3526 temperatum
1233 3465 1301 3506 esse

130 3555 280 3620 familiae
302 3555 497 3640 Antenoris,
522 3558 580 3642 qui
596 3557 732 3622 Ulixem
756 3564 791 3620 et
806 3557 997 3621 Menelaum
1014 3556 1184 3622 Helenam
1208 3581 1301 3647 repe·
1339 3574 1341 3623 Ι

131 3671 254 3736 tituros
276 3672 426 3759 hospitio
450 3679 633 3760 acceperat,
671 3673 730 3758 qui
763 3681 883 3759 pactus
919 3680 991 3736 erat
1022 3672 1064 3736 de
1094 3673 1236 3739 Paridis
1272 3681 1301 3738 et

132 3787 281 3852 Menelai
305 3789 488 3854 certamine
517 3789 694 3872 singulari,
719 3789 777 3874 qui
800 3796 878 3876 post
901 3788 1060 3853 Hectoris
1094 3811 1173 3854 cum
1198 3791 1300 3856 Aiace

132 3911 301 3969 certamen
313 3904 349 3968 in
362 3906 520 3970 contione
533 3911 691 3988 suaserat,
710 3912 748 3969 ut
761 3906 892 3970 Helena
904 3927 980 3969 cum
993 3905 1163 3970 thesauris
1180 3907 1300 3973 oblatis

202 4105 207 4120 ·
239 4088 298 4148 125)
318 4088 491 4158 Lycophron.
511 4089 589 4141 Alex.
608 4090 659 4142 497
679 4107 701 4142 c.
721 4087 806 4141 schol.
825 4089 925 4153 Tactz.;
945 4088 1104 4157 Apollodor‚
1119 4090 1157 4156 V,
1177 4091 1229 4159 ‘253
1258 4091 1301 4146 Ni·

128 4178 196 4230 colai
220 4195 295 4247 prog.
315 4179 339 4242 ²2,
370 4181 392 4240 1,
424 4197 450 4247 p.
465 4180 515 4230 aab
544 4179 571 4230 in
603 4178 740 4247 mythogr.
769 4195 864 4247 graec,
897 4178 937 4231 od.
959 4179 1167 4246 Westermann3
1208 4183 1301 4250 Quint.

130 4267 240 4335 Smyrn.
261 4267 346 4332 Xlll,
366 4269 519 4332 [ill-5:303
538 4268 686 4337 Tryphiod.
708 4269 859 4333 660-663;
879 4269 968 4322 Taetz.
988 4267 1131 4322 Posthom.
1153 4273 1217 4327 736.
