2872 4912
688 267 868 336 ι-68,

205 448 317 514 veniri
344 456 466 533 potest,
496 472 515 513 a
543 471 608 534 quo
637 449 772 534 plagam
800 449 894 512 illam
927 449 1103 533 acceperit.
1158 446 1247 524 Quid
1277 444 1364 530 ergo?

206 567 301 630 Tunc
326 566 436 650 ipsam
464 587 584 629 manus
614 565 679 628 sibi
708 565 866 629 intulisse
894 564 1071 646 conclud03
1100 573 1201 648 atque
1230 563 1367 627 0110110-

206 683 313 746 larum
358 681 560 745 traditarum
605 681 922 766 perlustraverimus
967 679 1231 762 multitudinem,
1277 701 1372 742 unam

206 797 439 861 invenerimus
462 797 634 882 virginem
659 797 850 879 Troianam,
882 819 981 882 quam
1009 797 1119 882 ipsam
1146 796 1212 863 sibi
1236 801 1374 860 mortem

208 913 412 978 conscivisse
447 919 592 977 constat:
624 913 757 976 Ilionen
787 912 873 996 (1100,
903 935 987 997 quae
1021 913 1167 976 maxima
1195 909 1264 975 fuit
1298 920 1377 976 natu

207 1029 353 1094 filiarum
387 1029 515 1093 Priami
553 1024 850 1113 Hecubaeque.¹³⁰)
911 1029 1072 1114 Hyginus
1109 1035 1249 1114 propter
1286 1050 1379 1092 casus

207 1153 387 1233 parentum
427 1146 534 1230 ipsam
571 1168 606 1209 se
646 1145 865 1210 obtruncasse
904 1146 1024 1227 refert,
1072 1150 1173 1230 atque
1207 1145 1381 1208 fortunam

210 1263 281 1326 eius
319 1285 388 1325 non
428 1262 476 1325 ita
512 1261 666 1345 ignotam
707 1262 813 1325 fuisse
853 1261 997 1346 posteris
1037 1260 1117 1324 inde
1158 1261 1382 1344 intellegitur,

210 1377 298 1463 quod
332 1378 501 1442 Pacuvius
531 1384 565 1440 et
605 1378 729 1442 Accius
767 1377 828 1442 hoc
864 1383 1063 1461 argumento
1095 1377 1148 1441 usi
1187 1377 1384 1460 tragoedias

209 1495 425 1579 scripserunt.
471 1494 623 1557 Permire
648 1493 781 1576 accidit,
807 1493 895 1577 quod
920 1493 1044 1557 lliones
1069 1515 1191 1557 nornen
1218 1517 1238 1556 a
1267 1494 1383 1558 latinis

210 1609 429 1695 scriptoribus
459 1610 537 1674 solis
565 1610 745 1673 memoriae
774 1616 907 1673 nostrae
937 1615 989 1673 est
1011 1609 1195 1695 proditum,
1225 1610 1286 1694 qui
1312 1611 1385 1674 sine

210 1725 312 1790 dubio
351 1725 542 1790 fabularum
575 1725 639 1789 hoc
677 1733 914 1809 argumentum
955 1749 973 1788 0
1009 1724 1161 1789 fontibus
1196 1726 1386 1790 hauserunt

210 1842 359 1906 Graecis.

297 1957 625 2041 'Quomodocunque
649 1980 703 2021 res
727 1980 763 2021 00
786 1957 923 2037 habent,
948 1958 1068 2021 melius
1092 1956 1180 2022 hauc
1203 1981 1387 2043 personam

210 2074 391 2157 Laodicen,
416 2096 517 2158 quam
540 2074 673 2138 Hionen
698 2074 861 2159 appellari
884 2074 1087 2159 putaverim.

280 2378 282 2381 ,
318 2307 456 2371 Summa
484 2307 521 2370 in
545 2329 619 2370 arce
647 2305 750 2370 Aiax
775 2305 1040 2370 Cassandram
1065 2306 1215 2371 crinibus
1241 2307 1284 2370 de
1310 2330 1386 2392 gra-

212 2422 311 2487 dibus
327 2423 446 2507 templi
462 2423 606 2511 revellit,
625 2445 725 2507 quam
743 2423 872 2486 adrem
888 2423 1007 2486 referri
1023 2428 1166 2508 possunt
1183 2423 1388 2489 scholiastae

213 2538 256 2602 ad
280 2539 420 2602 Homeri
437 2538 580 2602 Iliadem
604 2539 694 2621 (XV,
713 2537 792 2618 333)
815 2539 931 2602 verba:
967 2530 1031 2598 Τὸν
1058 2528 1170 2600 Ὀϊλέοι
1198 2531 1389 2624 Ζηνόδοτος

212 2645 375 2732 ἑπόμενος
388 2643 534 2735 Ἡσιόδῳ
556 2648 612 2714 aul
630 2646 817 2737 Στησιχόρῳ
843 2648 942 2737 χωρὶς
958 2655 1016 2715 τοῦ
1033 2675 1050 2715 0
1067 2644 1219 2733 ὀνομάζει
1236 2642 1389 2735 'asama

212 2771 331 2856 Neque
356 2769 438 2834 deae
462 2771 679 2834 simulacrum
703 2769 744 2834 ab
767 2770 872 2834 Aiace
897 2771 1086 2854 devulsum,
1111 2794 1221 2856 neque
1240 2772 1389 2838 Cassan·

214 2887 309 2950 dram
343 2886 384 2950 ab
413 2909 451 2950 eo
480 2892 667 2972 stupratam
693 2909 764 2950 esse
790 2887 826 2950 in
849 2888 929 2951 fano
954 2887 1042 2972 apud
1067 2887 1314 2971 Stesichorum,
1350 2913 1391 2954 ex

214 3010 336 3088 ectypo
369 3003 442 3088 ipso
478 3003 573 3087 sequi
607 3002 753 3085 videtur,
790 3002 879 3087 quod
914 3026 1024 3088 neque
1060 3004 1280 3068 simulacrum
1307 3006 1391 3071 deae

215 3118 432 3204 conspicitur,
462 3126 496 3182 et
525 3119 715 3184 Cassandra
742 3125 838 3184 veste
866 3120 965 3203 plene
995 3127 1047 3184 est
1074 3115 1265 3202 amicta.¹⁸²)
1317 3123 1392 3201 Qua

215 3234 256 3298 de
285 3257 384 3299 causa
413 3257 523 3299 errare
558 3235 748 3320 putaverim
779 3235 994 3301 Fabrettium
1022 3238 1066 3320 (p.
1096 3234 1185 3318 370),
1215 3238 1391 3323 Begerurn

216 3351 261 3436 (p.
289 3352 331 3416 58
361 3357 393 3414 et
424 3351 488 3434 01),
526 3351 736 3436 Fogginium
771 3354 812 3437 (p.
838 3353 923 3435 391),
957 3352 1049 3436 alios,
1079 3353 1136 3437 qui
1161 3354 1391 3422 Cassandram

215 3474 353 3552 propter
376 3466 610 3550 virginitatem
635 3476 786 3554 ereptam
811 3468 974 3532 auxilium
995 3476 1110 3554 petere
1127 3492 1146 3532 0
1163 3470 1326 3537 Minerva
1342 3474 1392 3537 iu-

216 3583 424 3647 dicaverunt.
471 3583 566 3648 Infra
587 3585 758 3671 captivam
783 3584 1006 3649 Cassandram
1028 3586 1203 3669 lugentem
1228 3587 1391 3654 Hectoris

216 3700 253 3762 in
276 3700 429 3784 sepulcro
453 3699 618 3764 videmus.
1094 3699 1096 3703 ’

325 3936 385 4003 130)
404 3936 509 4005 Hygia.
530 3935 585 3988 fab.
604 3935 668 4000 ‘2433
689 3936 735 4000 903
757 3937 819 4001 1093
843 3937 911 3990 Hor.
933 3936 990 3991 Sat.
1010 3937 1050 4003 ΙΙ,
1070 3940 1094 4003 3,
1114 3938 1160 4003 01;
1186 3938 1242 3992 010.
1266 3941 1351 3997 Tusc.
1371 3943 1393 4009 Ι,

216 4027 259 4091 14,
281 4027 342 4090 100;
377 4026 431 4079 Cic.
456 4025 542 4078 Acad.
566 4025 648 4095 prior.
673 4025 713 4090 Il,
737 4025 780 4090 ⁶27,
804 4026 850 4090 883
883 4027 966 4096 Verg.
990 4028 1058 4080 Aen.
1079 4028 1102 4092 Ι,
1127 4029 1177 4081 053
1200 4046 1264 4082 cum
1289 4034 1392 4087 Sermo.

217 4116 259 4168 Cf.
271 4115 377 4183 Heyue,
388 4115 422 4168 dc
432 4115 528 4179 1110110,
543 4115 609 4166 Exc.
623 4114 725 4168 XXIV
739 4114 773 4167 ad
787 4116 869 4184 Verg.
885 4115 953 4169 Aen.
967 4117 1013 4170 lib.
1025 4117 1048 4170 Ι.
1069 4149 1099 4156 -
1124 4119 1183 4179 131)
1203 4118 1308 4189 Bergk,
1319 4124 1394 4178 PLG

217 4204 287 4258 Stes.
307 4206 353 4268 843
378 4205 412 4257 cf.
431 4204 559 4257 Euat-ath.
574 4203 609 4257 ad
625 4204 709 4256 Hom.
729 4204 762 4256 Il.
782 4204 822 4269 II,
841 4205 901 4270 527,
920 4223 946 4276 p.
966 4206 1030 4272 Pil,
1050 4207 1116 4271 XV,
1136 4209 1196 4271 333,
1215 4225 1242 4278 p.
1264 4212 1347 4266 1018.
1363 4246 1394 4252 -

218 4294 278 4361 132)
297 4294 410 4359 Hubert,
428 4295 445 4346 l.
462 4294 479 4346 1.
498 4312 524 4364 p.
540 4295 598 4348 108.
