2872 4912
620 237 906 327 4-1-

324 439 559 505 Calchantis
577 438 699 504 deinde
712 446 850 526 propter
863 439 1016 506 habitum
1032 461 1101 505 non
1124 439 1301 524 intellego,
1331 458 1388 505 cur

217 578 292 620 cum
317 557 450 620 Konsta
473 554 519 640 (p.
546 554 601 637 16)
636 556 771 621 tabulae
806 555 972 622 artificem
996 556 1197 642 vituperem.
1243 555 1386 621 Homeri

217 672 320 737 affero
354 694 489 737 versum
525 671 922 756 duodeseptuagesimum
946 680 980 737 et
1007 679 1197 758 sequentes.
1249 671 1386 757 Optime

218 789 359 854 Calchas
385 789 602 873 pestilentiae
625 788 835 874 perniciosae
859 811 993 854 oausam
1022 789 1206 873 explanans
1231 788 1385 853 dextram

217 927 353 970 manum
377 904 573 988 Apollinem
596 902 910 990 versus'porrigere
934 911 1059 989 potest,
1085 906 1238 970 conferas
1262 927 1384 990 quaeso

217 1021 320 1086 etiam
354 1021 445 1107 apud
468 1021 652 1086 Homerum
677 1020 762 1086 illud
786 1008 840 1102 ὅγε
869 1021 1172 1087 demonstrativum
1200 1043 1321 1087 versus
1345 1023 1384 1087 93

217 1137 354 1203 nomine
388 1136 559 1222 Apollinis
597 1137 729 1202 omisso.
787 1137 856 1203 Sed
890 1160 933 1203 ne
969 1138 1142 1224 conspicio
1177 1138 1316 1223 quidem
1351 1138 1385 1202 in

217 1253 366 1338 imagine
389 1259 505 1318 nostra
528 1252 703 1318 brachium
727 1261 893 1318 retortum
928 1253 1013 1318 illud
1038 1253 1277 1320 delineationis
1299 1255 1386 1320 Fec-

218 1371 338 1434 doreae
361 1376 419 1435 aut
443 1369 676 1434 Schulzianae:
711 1370 989 1456 paludamentum
1015 1370 1209 1437 Calchantis
1234 1370 1385 1436 dextror-

217 1507 291 1550 sum
333 1484 582 1570 progredientis
624 1492 702 1571 post
744 1508 879 1551 umeros
923 1487 1055 1552 volitat.
1126 1487 1285 1552 Ceterum
1328 1487 1386 1552 ubi

217 1602 390 1667 Feodorus
413 1609 448 1666 et
471 1601 647 1667 Schulzius
672 1603 857 1667 Homerum
882 1603 1028 1688 pressius
1053 1603 1160 1668 secuti
1184 1593 1284 1686 ἀργὸν
1307 1593 1386 1664 κύνα

218 1718 455 1804 depinxerunt,
494 1739 557 1802 ego
593 1721 630 1782 in
671 1726 792 1804 ectypo
831 1719 1002 1804 conspicio
1041 1720 1154 1785 virum
1191 1719 1387 1804 pestilentia

216 1835 407 1920 abreptum,
445 1835 537 1899 canis
574 1835 680 1899 cauda
708 1835 833 1900 inflexa
857 1841 891 1899 et
914 1834 1022 1900 lumbi
1050 1843 1130 1900 sunt
1153 1835 1218 1900 viri
1244 1835 1385 1901 alicuius

217 1959 318 2036 caput
342 1958 376 2015 et
400 1950 603 2034 bracchium,
629 1951 665 2015 in
690 1973 755 2036 quo
779 1952 949 2036 praeclare
973 1948 1102 2036 singuli
1122 1952 1266 2016 musculi
1282 1952 1386 2018 inter-

217 2067 310 2132 nosci
333 2073 484 2151 possunt.

323 2185 419 2248 Tunc
454 2184 491 2247 in
528 2184 645 2248 eodem
681 2184 744 2248 hoc
773 2183 891 2248 ordine
915 2185 1141 2268 Nestorem,
1175 2183 1272 2249 cuius
1308 2185 1387 2250 Ilias

216 2301 322 2364 latina
346 2300 554 2364 mentionem
577 2322 647 2365 non
670 2300 763 2384 facit,
787 2300 824 2366 in
847 2300 962 2365 tabula
986 2302 1198 2386 exsculptum
1221 2300 1387 2384 videmus,

218 2439 317 2502 quem
348 2415 580 2500 Brueningius
615 2415 660 2500 (p.
698 2415 775 2498 138)
811 2417 954 2500 censuit,
988 2439 1057 2482 non
1092 2427 1161 2482 tam
1196 2417 1322 2483 acriter
1356 2441 1389 2482 se

217 2533 407 2598 immiscere
423 2555 540 2617 regum
556 2533 650 2597 rixae
667 2533 757 2618 apud
773 2534 969 2617 Homerum,
987 2555 1087 2618 quam
1103 2533 1140 2598 in
1157 2533 1282 2598 tabula.
1308 2535 1389 2599 Pro-

219 2671 397 2735 sequamur
435 2649 543 2733 igitur
582 2656 777 2734 utrumque:
816 2649 857 2713 In
896 2650 1010 2715 tabula
1048 2650 1139 2714 inter
1173 2649 1389 2734 Agamem·

218 2787 361 2831 nonem
386 2772 420 2829 et
443 2764 663 2848 Achillem,
694 2787 833 2850 quorum
858 2764 968 2830 adhuc
991 2765 1181 2831 maledictis
1210 2767 1389 2833 conviciis·

141 2954 143 2958 ,
219 2905 283 2969 que
300 2883 385 2947 alter
400 2883 544 2946 alterum
560 2882 683 2958 obruit,
706 2904 908 2967 quamquam
926 2883 1081 2947 Minerva
1100 2882 1168 2946 iam
1189 2882 1388 2967 intervenit,

217 3000 342 3064 Nestor
375 3021 392 3062 e
428 2998 510 3063 sella
544 2997 677 3082 prosilit
713 3004 749 3062 et
782 2998 921 3062 sinistra
949 2997 1058 3062 adhuc
1090 2997 1208 3062 sellam
1238 3000 1387 3085 corripit,

219 3115 337 3179 dextra
360 3115 450 3179 inter
474 3113 684 3179 adversarios
718 3121 872 3199 porrecta
906 3114 1083 3198 litigantes
1108 3114 1204 3199 quasi
1229 3115 1388 3180 dirimere

219 3237 253 3295 et
276 3232 360 3295 iram
385 3253 496 3296 eorum
523 3252 737 3313 compescere
761 3236 797 3294 at
819 3229 979 3314 mitigare
1003 3236 1153 3295 conatur.
1211 3231 1390 3298 Praeclara

219 3347 331 3411 hercle
354 3347 459 3411 totius
482 3346 533 3411 rei
557 3347 766 3433 compositio,
803 3369 866 3412 nec
902 3347 1016 3411 minus
1045 3368 1193 3431 congrua
1217 3369 1297 3413 cum
1322 3349 1390 3413 Ho-
1424 3400 1426 3431 ;

218 3485 320 3547 mero,
345 3464 373 3528 si
398 3464 553 3528 conferas
576 3479 695 3529 Versus
719 3463 780 3528 hos
803 3464 842 3547 (I,
868 3464 959 3541 24711

707 3577 795 3639 τοῖσι
820 3573 856 3639 δὲ
880 3572 1014 3662 Νέστωρ

400 3685 547 3780 ἡδυεπὴς
570 3684 734 3778 ἀνόρουσε,
759 3687 850 3776 λιγύς
875 3687 1008 3755 Πυλίων
1031 3683 1203 3778 ἀγορητής.

219 3813 315 3892 Quod
345 3835 426 3879 vero
460 3813 496 3876 in
520 3811 635 3876 tabula
665 3811 767 3876 etiam
789 3811 1027 3896 Agamemnon
1056 3808 1208 3894 gladium
1232 3813 1391 3879 strictum

219 3968 260 3974 -—
297 3953 339 3994 an
363 3931 451 3994 forte
475 3943 527 3993 est
555 3934 727 4014 sceptrum
755 3920 964 4013 oaoncodgoc
992 3923 1173 4010 1111011ῆο01
1208 3963 1250 3970 -
1288 3952 1392 3994 manu

218 4052 322 4128 tenet,
359 4068 423 4131 qua
458 4069 494 4109 re
518 4044 751 4128 Brueningius
786 4046 831 4129 (p.
858 4045 1030 4125 raa—39),
1066 4027 1217 4108 Konstas
1254 4051 1300 4130 (p.
1328 4049 1392 4130 16),

217 4162 357 4227 Iahnius
386 4163 431 4247 (p,
458 4162 511 4240 11)
546 4159 711 4225 artificem
743 4167 949 4246 putaverunt
983 4159 1087 4225 verba
1116 4160 1259 4224 Homeri
1288 4162 1391 4227 relin-

217 4302 320 4365 quere
344 4279 399 4342 vel
423 4278 595 4361 excedere,
620 4277 704 4340 mihi
733 4277 792 4341 illa
822 4300 875 4341 res
899 4300 967 4342 non
991 4277 1080 4341 tanti
1108 4276 1273 4340 momenti
1298 4277 1392 4343 vide-
