2872 4912
682 233 900 298 -38-

210 433 275 495 quo
308 411 473 475 dissensio
502 420 563 476 est.
618 413 747 476 Dextro
775 410 861 496 pede
891 411 926 474 in
956 409 1064 495 gradu
1091 409 1246 495 porticus
1276 406 1377 491 posito

209 527 385 612 protendit
428 528 619 609 sinistrum;
664 550 765 592 manu
805 528 944 591 sinistra
982 548 1097 591 arcum
1135 532 1244 607 tenet,
1286 546 1378 610 quem

210 642 328 707 dextra
362 643 501 708 tendere
537 650 689 725 conatur;
726 642 921 708 bracchium
954 652 988 707 et
1022 643 1168 706 lacertus
1204 640 1378 705 cohaerere

210 760 281 822 fere
306 759 474 842 videntur,
498 761 546 825 ita
569 766 608 824 ut
641 760 835 825 bracchium
863 781 970 844 paene
994 759 1125 844 operiat
1148 759 1328 837 lacertum,
1351 766 1379 819 et

211 875 323 939 tenuis
352 882 484 940 tantum
512 877 633 941 incisio
669 876 928 940 internoscatur.
977 876 1083 939 Crura
1109 874 1231 938 militis
1263 873 1380 937 leviter

211 991 332 1055 armati
364 993 490 1076 optime
527 1000 790 1076 cognoscuntur3
820 991 916 1056 brevi
948 998 1062 1056 autem
1094 991 1211 1056 tunica
1244 989 1380 1054 indutus

212 1112 273 1189 est,
303 1108 397 1171 cuius
428 1108 590 1193 reliquiae
618 1130 722 1194 prope
750 1107 907 1172 dextrum
934 1108 1045 1171 femur
1072 1114 1253 1193 apparent,
1285 1112 1381 1191 caput

211 1223 301 1307 pileo
333 1222 487 1308 Phrygio
521 1225 680 1308 operitur,
713 1225 772 1308 qui
806 1224 1010 1287 Graecorum
1044 1246 1062 1287 a
1093 1223 1200 1308 galeis
1235 1222 1381 1286 cristatis

211 1339 311 1403 facile
335 1339 586 1405 internoscitur.
639 1340 814 1405 Feodorus
843 1346 934 1404 recte
963 1339 1065 1421 vidit;
1095 1338 1276 1404 Schulzius
1301 1339 1381 1402 falso

211 1455 301 1521 hunc
326 1455 437 1520 virum
461 1479 537 1520 cum
562 1457 680 1520 dextro
705 1455 861 1520 bracchio
885 1456 972 1520 elato
997 1455 1162 1541 depinxit,
1189 1455 1288 1540 quasi
1311 1455 1381 1518 has-

212 1579 280 1636 tam
304 1571 462 1654 vibraret,
488 1595 563 1636 cum
586 1572 791 1638 vestimento
816 1572 980 1656 promisso
1004 1578 1105 1656 atque
1130 1572 1278 1653 sinuoso,
1311 1593 1382 1635 cum

213 1689 321 1773 clipeo
345 1694 512 1773 protento.
539 1723 579 1731 -
604 1689 699 1752 Duae
724 1688 801 1752 illae
823 1694 901 1752 ante
925 1689 1090 1773 templum
1108 1688 1287 1752 Minervae
1311 1710 1382 1772 per·

212 1826 314 1868 sonae
330 1805 429 1868 titulo
446 1804 543 1869 nobis
560 1812 639 1869 sunt
656 1812 765 1886 notae,
784 1826 862 1868 nam
878 1803 1012 1868 litterae
1030 1810 1164 1868 exstant
1181 1803 1258 1867 hae:
1285 1805 1382 1886 AIA,

212 1921 346 2004 vestiga
373 1920 508 1984 litterae
538 1922 567 1980 Σ
592 1928 626 1984 et
649 1922 728 1984 ΚΑ.
778 1919 867 1983 Aiax
896 1921 993 2003 galea
1020 1921 1194 2004 clipeoque
1224 1926 1383 2002 armatus,

213 2059 316 2100 manu
349 2036 466 2100 dextra
498 2037 649 2121 gladium
683 2037 839 2101 strictum
873 2042 992 2101 tenens
1030 2035 1256 2101 Cassandram
1292 2043 1384 2103 veste

213 2153 314 2236 plane
347 2152 503 2218 amictam
538 2153 584 2236 (Ι),
617 2175 702 2238 quae
734 2152 854 2237 templi
886 2152 923 2216 in
955 2152 1080 2233 gradus
1115 2174 1150 2215 se
1180 2153 1327 2236 proiecit
1356 2161 1386 2216 et

214 2290 334 2332 manus
355 2269 520 2353 templum
537 2291 655 2334 versus
675 2268 832 2354 porrigit,
849 2267 999 2332 crinibus
1015 2268 1159 2332 revellit.
1209 2268 1385 2333 Schulzius

214 2383 276 2447 hoc
309 2384 382 2448 loco
420 2385 589 2468 exemplar
623 2387 735 2471 ipsum
771 2386 842 2448 fere
880 2384 1048 2468 aequavit.
1084 2421 1124 2427 —
1158 2385 1264 2448 Paulo
1300 2386 1386 2450 infra

216 2521 320 2584 equus
344 2501 479 2583 ligneus
505 2492 654 2586 [doripqoe
677 2498 798 2581 ἵππος]
829 2500 1023 2584 exsculptus
1047 2506 1112 2582 est,
1137 2501 1166 2563 si
1191 2501 1267 2584 quis
1294 2525 1385 2566 accu-

217 2739 317 2817 caput
333 2732 503 2815 galeatum
527 2734 756 2818 prominentia
779 2732 919 2798 videbit.
965 2733 1097 2797 lniuste
1113 2732 1254 2796 Iahnius
1270 2751 1317 2819 tp.
1335 2732 1387 2809 33)

215 2847 407 2912 Feodorum
437 2857 470 2912 et
498 2849 626 2934 priores
659 2848 805 2913 editores
833 2848 1022 2934 impugnat,
1054 2849 1174 2912 melius
1205 2849 1298 2914 enim
1328 2851 1388 2914 hoc

215 2965 288 3028 loco
315 2963 489 3028 Feodorus
518 2987 619 3049 quam
647 2964 824 3030 Schulzius
852 2945 958 3029 vidit?
1015 2966 1123 3048 Supra
1153 2987 1277 3048 equum
1307 2967 1388 3030 adeo

216 3080 374 3144 obtusum
397 3087 450 3144 est
473 3088 642 3166 ectypum‚
672 3087 710 3145 ut
733 3103 801 3146 non
826 3082 893 3145 iam
923 3081 1103 3146 diiudicari
1127 3081 1244 3166 possit,
1274 3090 1387 3147 utrum

216 3196 265 3261 ibi
289 3196 489 3281 quadratum
507 3197 591 3261 illud
615 3204 731 3283 portae
747 3192 940 3282 operculum
959 3220 977 3261 a
1000 3196 1155 3261 Feodoro
1180 3197 1388 3282 descriptum
1425 3266 1427 3285 Ι

216 3335 252 3375 re
276 3335 356 3377 vera
378 3314 493 3396 fuerit,
518 3336 636 3378 necne.
684 3314 823 3378 Carolus
846 3314 977 3378 Robert
1001 3313 1217 3398 conspexisse
1242 3335 1280 3377 se
1304 3315 1387 3379 illud

216 3423 427 3511 autumat,⁶²)
456 3430 545 3513 quod
582 3429 673 3493 idem
706 3429 883 3494 Schulzius
917 3430 953 3493 in
986 3428 1088 3492 dubio
1120 3429 1274 3513 reliquit,
1310 3454 1388 3496 nam

216 3545 337 3609 lacuna
364 3545 437 3609 hiat
465 3545 501 3610 in
528 3546 677 3628 imagine
706 3546 789 3610 eiua.
841 3545 947 3610 Crura
975 3554 1089 3609 autem
1118 3545 1266 3609 hominis
1297 3547 1389 3611 illius

217 3661 412 3743 delineavit,
442 3683 542 3746 quem
573 3662 747 3726 Feodorus
775 3660 931 3746 depinxit
957 3659 1077 3725 habitu
1105 3660 1251 3745 quodam
1281 3663 1389 3727 incre·

218 3777 315 3842 dibili
340 3778 516 3862 alienoque
541 3778 581 3842 ab
607 3775 774 3862 ectypol)
800 3812 841 3820 —-
867 3777 933 3855 Qui
962 3778 1085 3842 scalam
1114 3777 1270 3841 manibus
1294 3784 1391 3844 tenet

324 3988 367 4053 6‘2)
387 3988 498 4053 Robert,
528 3987 608 4040 Areh.
634 3987 719 4056 Zeitg.
745 3987 821 4052 iar-l,
846 4005 871 4056 p.
898 3989 957 4053 108,
982 3987 1059 4040 euius
1085 3987 1280 4056 explicationes
1306 4007 1393 4060 usque

216 4078 395 4147 prosequaris.

323 4169 346 4234 ’ἢ
366 4168 399 4221 Ο.
419 4166 603 4220 Rossbachius
632 4183 740 4236 quoque
766 4167 818 4219 hoc
842 4184 912 4219 auno
941 4167 1036 4220 tabula
1058 4168 1118 4236 ipsa
1140 4167 1245 4220 Romae
1268 4168 1393 4239 inspectu

217 4262 324 4329 portam
343 4257 506 4328 quadratam
526 4261 552 4310 et
572 4273 670 4329 eorpus
689 4256 801 4311 inferius
821 4256 940 4311 hominis
959 4256 1145 4311 descendentis
1165 4256 1294 4327 dispexit.
