2872 4912
701 265 919 339 .-34-

225 451 343 534 voluit,
380 453 574 517 invenimus
608 452 722 517 Iahuii
746 453 782 518 in
817 452 942 516 tabulis
966 453 997 517 D
1023 459 1057 516 et
1080 453 1109 518 F
1134 459 1168 516 et
1191 453 1228 516 in
1264 451 1391 536 scypho

221 567 364 651 quodam
382 569 562 633 Homerico
579 592 598 632 a
614 568 763 637 Roberto
787 563 937 649 edito⁶⁸).
985 568 1115 646 Quibus
1140 591 1214 633 oum
1242 567 1389 653 scyphis,

222 684 279 767 qui
304 684 515 749 auctoribus
532 685 705 749 Homerici
722 684 930 768 dicebantur,
955 684 1089 749 tabulae
1113 697 1248 749 nostrae
1274 683 1389 748 cohae-

220 806 306 882 rent,
342 802 500 885 quoniam
530 801 631 865 etiam
664 801 715 865 illi
749 801 957 884 imaginibus
993 802 1062 865 suis
1097 824 1149 866 res
1183 807 1339 866 narratas
1374 822 1390 862 a

220 916 329 1000 poetis
362 922 614 1002 repraesentare
642 918 771 999 volunt,
808 919 857 981 ita
890 923 929 981 ut
964 917 1037 1003 ipsa
1072 917 1257 982 carminum
1295 939 1389 1001 argu-

218 1040 333 1096 menta
357 1034 478 1098 summi
502 1033 666 1097 momenti
689 1033 818 1098 fuerint
853 1033 976 1098 artifici
1016 1034 1185 1098 caelatori.
1249 1034 1389 1098 Homeri

219 1147 360 1212 Iliadem
397 1156 431 1213 et
454 1149 652 1234 Odysseam,
683 1149 834 1215 Leschae
858 1150 999 1215 iliadem
1024 1172 1164 1236 parvam
1189 1157 1224 1214 ot
1247 1150 1389 1234 Iliuper-

219 1265 337 1348 sidem,
376 1265 551 1351 Euripidis
585 1266 799 1352 Iphigeniam
828 1266 1031 1331 Phoenissae
1059 1266 1234 1331 Hecubam
1271 1266 1321 1330 sic
1356 1267 1389 1330 in

219 1382 354 1467 scyphis
378 1388 647 1466 repraesentatas
681 1383 874 1448 invenimus
909 1419 950 1426 —
987 1383 1082 1467 atqui
1120 1383 1205 1458 miro
1245 1383 1389 1468 quodam

218 1497 316 1562 modo
341 1499 443 1562 etiam
467 1499 601 1563 tabulae
624 1505 759 1563 nostrae
782 1498 959 1584 Iliupersis
984 1499 1196 1564 Stesichorea
1220 1521 1296 1562 oum
1322 1499 1388 1563 Eu·

217 1613 339 1698 ripidis
355 1615 479 1678 fabulis
491 1614 628 1678 videtur
644 1637 830 1699 congruere
848 1651 900 1693 —-‚
925 1637 1035 1699 neque
1059 1615 1183 1679 desunt
1198 1615 1235 1678 in
1251 1614 1389 1702 scyphis

218 1736 257 1793 ut
291 1731 417 1794 nostris
451 1731 487 1795 in
525 1730 647 1795 tabulis
682 1731 872 1796 litterarum
912 1731 1154 1796 additamenta.
1223 1731 1388 1796 Vesorum

218 1853 328 1910 autem
370 1848 413 1911 ad
450 1870 592 1932 quorum
632 1850 785 1934 exempla
824 1849 1076 1914 fabricabantur
1116 1847 1211 1932 origo
1252 1847 1390 1912 exeunti

216 1964 347 2028 saeculo
372 1971 490 2049 quarto
515 1972 573 2029 aut
596 1965 729 2029 ineunti
753 1967 885 2031 saeculo
901 1965 1004 2030 tertio
1021 1989 1052 2051 p.
1071 1965 1148 2030 Chr.
1167 1987 1200 2029 n.
1218 1965 1389 2030 tribuitur.

324 2197 380 2262 Sic
418 2197 596 2282 singulis
634 2198 740 2262 areis
779 2197 944 2263 tabulae
977 2199 1141 2262 collatis
1176 2221 1253 2262 cum
1293 2199 1389 2263 libris

217 2312 334 2377 iliadis
369 2313 471 2393 fidem
507 2315 698 2400 sculpturae
733 2315 801 2379 iam
837 2313 1024 2378 diiudicare
1056 2314 1252 2398 poterimus,
1288 2320 1389 2400 atque

218 2429 471 2494 concedendum
501 2437 561 2514 est,
604 2453 854 2516 nequaquam
885 2429 1107 2494 dissentire
1135 2431 1200 2495 vel
1235 2431 1388 2496 discre-

216 2567 309 2630 pare
350 2546 575 2611 artificium
610 2547 656 2610 ab
685 2548 854 2611 Homero
887 2547 928 2611 in
961 2547 1082 2610 rebus
1116 2547 1388 2630 gravioribus.

217 2661 346 2739 Quibus
369 2663 452 2727 locis
476 2663 722 2749 discrepantiae
747 2670 805 2727 aut
827 2663 1051 2727 inveniuntur
1083 2669 1142 2727 aut
1165 2661 1317 2728 inveniri
1341 2664 1388 2727 vi-

216 2777 339 2842 dentur
361 2779 534 2843 mentione
558 2779 692 2863 dignae,
726 2779 875 2864 prolatas
910 2801 965 2843 eas
1001 2801 1158 2843 excusare
1187 2801 1389 2864 causamque

217 2895 429 2958 differentiae
454 2895 630 2959 ostendere
655 2903 793 2960 conatus
819 2918 902 2958 sum.
944 2895 1049 2959 Aliae
1077 2895 1201 2959 deinde
1224 2894 1318 2960 haud
1342 2897 1388 2960 ita

216 3033 359 3095 magnae
383 3011 596 3075 differentiae
621 3035 659 3075 ea
683 3012 724 3076 de
748 3034 784 3075 re
808 3011 1003 3075 exstiterint
1026 3033 1163 3076 necesse
1199 3019 1260 3094 est,
1299 3011 1388 3097 quod

216 3127 379 3212 sculptori
402 3127 526 3192 artifici
554 3151 607 3192 res
642 3113 742 3192 aliter
778 3128 990 3212 disponenda
1028 3135 1080 3192 est
1118 3134 1218 3212 atque
1257 3136 1385 3212 poetae,

216 3243 311 3307 ouius
335 3247 386 3307 est
409 3267 520 3308 rerum
545 3245 648 3328 longa
671 3251 705 3308 et
729 3251 884 3310 accurata
908 3245 1085 3328 enarrati0,
1115 3267 1191 3308 oum
1216 3245 1388 3330 sculptura

215 3367 424 3424 momentum
448 3366 581 3424 tantum
606 3362 768 3446 temporis
793 3367 828 3426 et
850 3362 1016 3426 factorum
1041 3352 1145 3424 oculis
1169 3361 1296 3424 nostris
1312 3383 1388 3447 pro·

216 3498 340 3560 ponere
364 3477 480 3560 possit,
517 3499 626 3562 neque
649 3484 756 3541 totam
779 3499 891 3541 rerum
915 3477 1081 3541 rationem
1104 3483 1206 3561 atque
1231 3478 1388 3542 continu·

215 3593 372 3658 ationem.
420 3593 477 3657 Sic
500 3594 672 3658 interdum
696 3595 908 3677 estfactum,
938 3599 977 3657 ut
999 3593 1133 3658 tabulae
1157 3600 1275 3658 auctor
1300 3616 1387 3659 com-

214 3710 311 3794 plura
334 3711 425 3773 facta
449 3709 538 3772 inter
562 3733 596 3773 se
632 3710 774 3792 diversa,
813 3716 978 3794 quantum
1012 3710 1150 3794 quidem
1184 3710 1312 3775 attinet
1347 3710 1388 3775 ad

214 3826 382 3890 unitatem
406 3825 471 3890 loci
496 3833 530 3889 et
552 3826 724 3910 temporie,
760 3826 797 3890 in
820 3849 921 3890 unam
946 3825 1132 3909 imaginem
1157 3827 1330 3892 conferret
1355 3834 1388 3892 et

215 3948 389 4024 coartaret,
415 3942 591 4026 quomodo,
610 3943 799 4027 exemplum
817 3955 856 4006 ut
872 3941 1018 4027 afferam,
1037 3942 1116 4007 libri
1133 3943 1258 4006 decimi
1275 3945 1389 4028 quinti

322 4217 367 4284 58)
387 4216 416 4270 O.
436 4215 547 4281 Robert,
567 4214 746 4269 Homerische
765 4214 876 4281 Becher,
896 4217 937 4270 50.
958 4216 1051 4286 Progr.
1070 4235 1093 4269 z.
1113 4215 1382 4274 Winkehnannsiost

213 4306 305 4361 Berlin
326 4307 403 4371 1890,
421 4324 447 4375 p.
467 4305 510 4359 26.
