2872 4912
254 1199 523 1332 Antiquissimis
551 1248 757 1313 Graecorum
785 1248 993 1336 temporibus
1021 1271 1075 1315 ars
1109 1246 1242 1337 poetica
1274 1258 1309 1317 et

137 1385 191 1426 ars
215 1362 369 1448 fingendi
392 1363 573 1428 artissimis
597 1363 688 1429 inter
710 1387 746 1428 se
771 1387 941 1431 connexae
965 1375 1062 1431 erant
1085 1367 1247 1451 vinculis,
1279 1369 1309 1433 si

136 1479 246 1563 igitur
278 1486 370 1544 recte
405 1481 605 1564 cognoveris
641 1480 808 1566 quomodo
842 1504 895 1547 ars
930 1483 1083 1568 fingendi
1112 1491 1227 1549 secuta
1262 1484 1309 1549 sit

135 1596 266 1681 poesin,
294 1597 437 1661 fortasse
461 1596 536 1661 fieri
559 1596 693 1680 poterit,
719 1604 757 1662 ut
780 1599 972 1684 sculpturae
996 1599 1213 1686 picturaeque
1237 1623 1307 1665 mo-

135 1721 300 1778 numenta
321 1714 453 1777 ratione
477 1720 510 1777 et
534 1712 590 1776 via
614 1713 848 1799 interpreteris
871 1716 907 1779 in
931 1715 1116 1780 utilitatem
1145 1716 1306 1782 historiae

134 1829 340 1912 litterarum;
377 1829 406 1893 si
440 1829 659 1910 intellexeris,
696 1836 857 1914 quantam
882 1837 916 1895 et
944 1832 1076 1916 qualem
1105 1833 1177 1897 vim
1200 1833 1306 1918 possi·

135 1944 215 2009 deat
247 1945 369 2031 poesis,
406 1945 495 2030 quod
532 1945 669 2030 quidem
692 1947 818 2011 attinet
849 1947 892 2012 ad
915 1954 1004 2012 artes
1027 1947 1190 2031 fingendi,
1224 1955 1306 2014 tunc

133 2063 287 2147 profecto
311 2061 513 2126 concludere
536 2062 674 2148 poteris,
698 2084 764 2147 quo
788 2063 861 2128 iure
885 2069 920 2126 et
943 2085 1009 2148 quo
1032 2085 1138 2148 usque
1155 2066 1305 2150 antiquis

134 2177 343 2262 imaginibus
375 2184 434 2242 aut
469 2179 651 2264 sculpturis
686 2179 738 2243 uti
770 2179 868 2243 nobis
904 2178 1006 2244 liceat
1037 2179 1081 2244 ad
1115 2179 1305 2246 litterarum

134 2301 353 2360 monumenta
376 2301 511 2360 nostrae
536 2295 716 2359 memoriae
740 2317 808 2360 non
832 2295 900 2358 iam
923 2295 1059 2381 prodita
1081 2297 1304 2362 restituenda.

241 2412 360 2496 Neque
396 2411 488 2476 enim
520 2410 666 2476 artifices
690 2411 915 2476 vetustiorum
939 2417 1131 2499 temporum
1155 2413 1304 2479 carmina

134 2532 309 2613 poetarum
332 2526 499 2613 quomodo
528 2525 618 2612 apud
650 2549 711 2591 nos
745 2526 785 2591 fit
814 2527 973 2613 operibus
997 2528 1066 2592 suis
1090 2526 1303 2612 „illustrare“

134 2644 248 2708 conati
271 2649 331 2708 aut
353 2643 513 2708 servilem
537 2643 574 2707 in
598 2642 735 2708 modum
760 2643 861 2708 sicuti
889 2667 979 2709 nunc
1007 2645 1206 2730 plerumque
1229 2645 1304 2710 fieri

133 2760 220 2824 solet
243 2759 317 2845 ipsa
340 2768 461 2845 poetae
484 2758 588 2824 verba
611 2781 744 2844 semper
767 2759 875 2824 secuti
899 2765 988 2842 sunt,
1012 2761 1070 2825 sed
1095 2783 1113 2824 e
1136 2762 1302 2846 poematis

131 2882 234 2940 antea
269 2876 417 2941 conditis
451 2876 606 2962 exempla
640 2874 775 2940 trahere
810 2876 892 2940 satis
926 2876 1127 2943 habuerunt.
1190 2877 1302 2942 Fabu-

129 2993 184 3057 lae
219 2999 331 3057 autem
367 2991 572 3057 carminibus
607 2992 662 3057 vel
685 2991 903 3077 popularibus
931 2993 986 3058 vel
1009 2993 1115 3078 epicis
1138 2998 1302 3058 tractatae

129 3109 376 3194 antiquissimis
400 3109 468 3174 iam
484 3108 693 3194 temporibus
708 3109 884 3192 ingentem
906 3109 1037 3194 copiam
1059 3117 1303 3194 suggesserunt

128 3224 285 3310 fingendi
308 3226 543 3312 pingendique
567 3223 707 3308 artibus,
732 3224 792 3289 sed
815 3224 872 3308 ita,
902 3230 940 3289 ut
964 3225 1165 3311 posteriores
1189 3227 1300 3312 sculp-

127 3348 226 3407 turae
250 3341 484 3427 imaginesque
509 3365 527 3406 e
550 3341 659 3428 prima
682 3341 815 3406 fabulae
832 3341 974 3406 alicuius
992 3343 1300 3427 repraesentatione

127 3467 257 3524 certam
293 3458 463 3545 quandam
498 3458 686 3523 retinerent
726 3479 889 3523 normam.
949 3459 1136 3523 Recentem
1176 3458 1299 3523 deinde

127 3574 360 3660 mythologiae
395 3575 527 3661 copiam
562 3574 733 3659 suggessit
767 3597 820 3639 ars
854 3574 973 3659 lyrica,
1014 3596 1099 3660 quae
1134 3581 1298 3659 quantum

126 3691 288 3773 valuerit,
327 3691 539 3756 Stesichorus
579 3691 759 3776 praecipue
798 3691 999 3755 Himeraeus
1046 3691 1154 3772 docet,
1202 3690 1298 3755 cuius

125 3807 259 3873 fabulas
283 3806 484 3891 Aeschylus,
522 3807 715 3892 Euripides,
750 3807 962 3890 Theocritus,
999 3806 1058 3872 alii
1092 3813 1211 3892 poetae
1246 3829 1297 3871 se-

126 3923 197 3989 cuti
221 3931 310 4007 sunt,
335 3946 398 3989 nec
421 3924 533 3989 minus
558 3924 755 4009 sculptores,
780 3923 875 3988 cuius
897 3924 948 3988 rei
972 3923 1113 3989 Oarolus
1136 3921 1267 3988 Robert
1275 3919 1296 4000 ¹)

125 4040 441 4126 splendidissimum
464 4039 565 4105 affert
581 4040 771 4125 exemplum
788 4039 1007 4106 Actaeonem.
1042 4039 1296 4124 Polygnotus

235 4290 260 4358 1)
278 4288 342 4342 Bild
360 4305 387 4341 u.
407 4287 474 4341 Lied
494 4286 604 4357 (Philol.
624 4287 734 4340 Untcrs.
753 4285 800 4350 Vl,
820 4285 890 4339 Bcrl.
912 4287 988 4351 1881,
1007 4303 1033 4355 p.
1054 4286 1096 4338 26,

1087 4394 1100 4443 l
