2872 4912
590 291 630 297 ..
680 255 743 318 102
790 289 826 298 .-

129 437 225 521 isque
272 435 381 500 causis
420 433 597 498 ostendere
637 439 785 516 conatur,
832 432 928 497 fieri
967 454 1044 496 non
1083 453 1220 517 posse,
1271 437 1311 494 ut

128 552 363 619 Stesichoro
396 549 568 614 historia
604 549 667 612 vel
699 549 837 614 fabula
864 548 1011 613 Latina
1038 548 1169 613 fuerit
1198 554 1308 631 nota;

128 668 262 734 tabulae
293 666 527 731 testimonium
562 686 631 728 non
660 664 825 729 sufficere.
855 701 894 709 -
924 665 1044 749 Neque
1079 685 1162 729 vero
1192 665 1308 729 tabula

129 783 314 869 quidquam
338 781 489 868 prodidit
517 780 558 844 de
582 780 725 863 Latinis,
756 780 915 865 quoniam
940 803 958 845 e
982 803 1064 846 voce
1085 768 1250 863 Ἑσπερία
1275 781 1307 845 id

128 900 237 965 solum
277 898 434 976 efficitur,
478 896 628 962 Aeneam
672 895 882 961 occidentem
920 918 1036 961 versus
1080 897 1307 981 emigrantem

128 1015 249 1080 fecisse
287 1014 528 1080 Stesichorum.
597 1013 730 1078 Iniuste
775 1034 911 1099 prorsus
957 1014 1106 1078 Konstas
1154 1012 1308 1079 fabulam

128 1131 288 1197 Latinam
328 1130 442 1215 ectypi
481 1129 624 1213 imagini
663 1129 851 1215 supposuit,
892 1137 993 1215 atque
1032 1135 1127 1193 extra
1167 1129 1308 1194 modum

130 1246 375 1313 Niebuhrius
412 1267 544 1331 quoque
580 1246 625 1330 (p.
652 1245 739 1324 191.)
774 1245 912 1330 prodiit,
952 1268 1028 1310 cum
1066 1245 1205 1311 tabulae
1242 1246 1309 1311 fide

131 1362 275 1428 confisus
292 1362 463 1444 scriberet,
489 1362 720 1427 Stesichorum
737 1362 778 1426 de
794 1361 931 1427 Aeneae
947 1361 1170 1446 emigratione
1188 1363 1310 1428 eodem

129 1482 201 1545 fere
235 1480 334 1544 modo
359 1500 424 1564 quo
448 1479 637 1563 Vergilium
667 1478 839 1542 cecinisse.
891 1478 1065 1564 Siquidem
1091 1479 1209 1564 ectypi
1235 1501 1311 1544 cum

130 1595 350 1680 inscriptione
389 1595 472 1659 haee
506 1595 652 1678 Vergilii
692 1594 815 1678 (uuae
843 1593 926 1679 sqq.)
960 1593 1064 1659 verba
1101 1602 1311 1680 congruunt,

130 1712 252 1797 quibus
281 1711 498 1776 simulacrum
526 1712 581 1773 vel
614 1710 732 1775 umbra
761 1710 907 1775 Creusae
935 1711 1117 1795 alloquitur
1146 1714 1312 1778 maritum

131 1834 362 1914 quaerentem:

399 1949 553 2026 „vastum
578 1943 680 2007 maris
705 1964 830 2028 aequor
853 1942 1017 2008 arandum

399 2066 434 2123 et
457 2065 582 2124 terram
607 2060 807 2144 Hesperiam
830 2057 981 2139 venics“,

132 2174 326 2260 discrepant
349 2176 465 2240 statim
489 2198 607 2240 versus
631 2183 823 2261 sequentes:

807 2292 883 2374 „ubi
908 2292 1040 2378 Lydius
1064 2314 1147 2357 arva

292 2411 383 2472 inter
406 2408 518 2492 opima
542 2409 653 2473 virum
677 2409 747 2473 leni
771 2407 848 2474 fluit
871 2409 1009 2493 agmine
1032 2407 1187 2493 Thybris
1195 2433 1203 2492 ;

292 2524 362 2588 illic
377 2547 431 2588 res
455 2525 562 2589 laetae
586 2546 795 2610 regnumque
812 2533 846 2589 et
868 2526 964 2609 regia
988 2525 1136 2590 coniunx

292 2647 389 2725 parta
412 2638 508 2705 tibi.“

239 2757 357 2842 Neque
377 2756 454 2842 ipse
476 2756 683 2821 Niebuhrius
707 2756 772 2821 sibi
788 2757 952 2836 constitit,
977 2756 1067 2841 quod
1090 2758 1216 2824 eodem
1240 2760 1310 2824 loco

132 2871 275 2955 addidit,
296 2872 466 2936 Misenum
486 2873 523 2936 in
540 2872 654 2937 tabula
674 2873 816 2937 tortasse
833 2895 902 2938 non
919 2897 937 2938 6
954 2873 1141 2939 Stesichori
1158 2878 1309 2941 carmina

132 2969 289 3054 haustum
306 2987 365 3052 sed
381 3011 422 3052 ex
438 2987 591 3054 Aeneide
610 2988 779 3053 adiectum
797 3011 877 3053 esse.
918 2989 1150 3055 Fabrettius
1176 3014 1309 3078 quoque

133 3107 178 3190 (p.
195 3105 272 3184 381)
301 3103 388 3169 hanc
416 3105 601 3189 imaginem
638 3127 727 3186 „non
750 3128 770 3168 a
792 3106 937 3170 vetustis
969 3106 1038 3170 illis
1061 3108 1174 3192 poetis
1203 3108 1308 3174 Stesi-

133 3221 245 3304 choro,
270 3220 400 3285 Lesche
423 3222 478 3284 vel
502 3221 645 3285 Arctino
677 3243 850 3286 emanasse
875 3230 926 3286 est
950 3221 1144 3304 arbitratus,
1168 3224 1308 3289 sedvel

133 3360 153 3400 a
176 3337 304 3414 Quinto
326 3337 522 3422 Smyrnaeo,
547 3337 605 3422 qui
629 3359 686 3401 ore
703 3338 898 3402 Calchantis
922 3339 965 3402 de
987 3338 1124 3404 Aeneae
1148 3342 1307 3406 evasione

133 3475 153 3517 a
167 3452 309 3518 Xantho
333 3454 376 3517 ad
399 3453 551 3518 Tiberim
568 3455 779 3539 Romanique
799 3455 934 3540 imperii
949 3455 1172 3520 interminata
1188 3458 1306 3543 ampli·

133 3569 253 3633 tudine
282 3569 524 3633 vaticinaretur
551 3570 628 3652 (ΙΙΙ,
652 3569 742 3650 334),
779 3571 834 3634 vel
857 3572 1069 3655 Virgilianae
1096 3571 1305 3659 hypotyposi

134 3683 383 3749 inserviend0.“
408 3685 544 3770 Neque
569 3707 658 3750 vero
681 3686 764 3750 ulla
779 3687 881 3751 ratio
898 3687 1104 3752 Fabrettii
1124 3686 1305 3755 habenda

134 3808 195 3866 est
216 3801 278 3865 his
301 3801 342 3865 in
365 3802 495 3884 rebec,
532 3802 610 3887 quia
634 3824 724 3867 nuno
748 3802 810 3866 hoc
834 3825 925 3868 nunc
947 3804 1005 3868 illo
1029 3804 1200 3889 scriptore
1229 3807 1303 3872 arti·

135 3916 233 3981 ficem
262 3917 465 4002 sculptorem
501 3941 597 3982 usum
622 3941 695 3983 esse
719 3925 845 3982 temere
870 3919 1060 3984 contendit:
1086 3918 1203 3986 'Scala
1227 3946 1256 3987 6.
1275 3943 1304 4007 g.

67 4102 72 4110 ,
134 4033 252 4098 heroas
276 4034 481 4099 descendere
512 4034 639 4112 Quinto
664 4035 849 4119 Smyrnaeo
878 4044 1013 4100 auctore
1047 4035 1092 4120 (p.
1117 4039 1187 4104 369
1212 4038 1304 4126 sqq).

136 4149 324 4215 Coroebum
354 4174 374 4214 a
396 4152 545 4215 Peneleo
577 4150 620 4215 ad
651 4173 742 4216 aram
766 4151 912 4215 occisum
938 4149 1159 4237 „irrepsisse“
1184 4178 1205 4220 e
1228 4157 1306 4223 Vor-

134 4266 219 4351 gilio
255 4267 313 4351 „in
349 4267 579 4333 adulationem
602 4268 750 4333 Romani
784 4268 874 4333 vatis
909 4269 1030 4341 ceteris
1064 4271 1307 4350 traditionibus
