2872 4912
601 260 819 322 „59-

127 433 325 500 bracchium
349 434 457 500 hostis
480 436 663 522 reprimere
691 442 843 518 conatur;
891 436 1029 500 sinistra
1063 436 1184 500 nititur
1219 436 1298 501 solo.

129 550 255 615 Nostra
279 557 391 616 autem
417 553 451 615 in
476 552 625 635 imagine
650 552 797 617 dubitari
813 559 1014 638 nonpotest,
1040 552 1121 637 quin
1138 554 1299 616 feminam

128 666 166 730 in
191 687 303 749 genua
320 669 501 753 collapsam
518 691 537 732 a
553 669 664 733 fronte
677 668 883 751 intueamur3
910 667 999 752 quod
1013 691 1092 732 vero
1105 669 1299 733 Fabrettius

129 783 325 848 bracchium
360 783 544 849 demissum
571 791 751 870 putaverat
789 784 995 868 recognosci,
1036 791 1070 848 et
1097 786 1301 850 recentiores

129 899 334 985 interpretes
360 899 549 965 bracchium
586 901 627 965 ad
653 900 781 965 caelum
806 900 931 964 elatum
955 898 1191 985 depinxerunt,
1227 923 1300 964 earn

130 1015 172 1081 ob
196 1038 268 1080 rem
291 1038 401 1081 meam
423 1016 740 1102 interpretationem
763 1039 783 1080 a
806 1017 950 1081 veritate
966 1016 1106 1080 minime
1122 1017 1301 1082 abhorrere

129 1131 343 1215 crediderim,
382 1133 557 1197 mulierem
593 1134 699 1198 altera
733 1155 836 1197 manu
870 1154 1007 1197 manum
1042 1155 1214 1218 capessere
1243 1134 1300 1198 ad-

130 1248 284 1328 versarii,
308 1248 451 1312 alterum
476 1249 670 1314 bracchium
694 1249 811 1313 tollere
835 1249 871 1313 in
895 1249 1033 1331 caelum,
1064 1256 1166 1334 atque
1189 1249 1300 1314 infan-

129 1374 200 1430 tem
224 1366 470 1457 Astyanactem
493 1365 592 1429 lateri
617 1366 688 1429 eius
713 1387 748 1429 se
771 1364 952 1451 applicare.
998 1365 1105 1430 Recte
1129 1365 1219 1429 enim
1235 1367 1300 1430 Fe·

130 1481 252 1545 odorus
265 1488 299 1544 et
312 1481 488 1546 Schulzius
505 1480 661 1546 dextrum
678 1481 830 1546 mulieris
854 1481 1049 1545 bracchium
1074 1481 1301 1567 depinxerunt

131 1598 271 1679 elatum;
298 1597 420 1662 deinde
445 1597 533 1682 quod
557 1599 666 1662 levem
691 1597 1037 1683 circumscriptionem
1065 1599 1172 1683 pueri,
1206 1598 1301 1662 cuius

130 1720 233 1800 caput
256 1720 292 1777 et
315 1735 434 1800 corpus
470 1721 584 1778 tamen
613 1715 740 1800 optime
764 1713 950 1781 internosci
974 1721 1125 1799 possunt,
1156 1735 1225 1779 non
1250 1714 1299 1777 di-

128 1836 322 1916 spexerunt,
369 1830 425 1894 hic
471 1830 505 1894 in
543 1831 770 1895 delineatione
806 1853 865 1894 sua
905 1829 1012 1894 lineas
1043 1830 1143 1916 plane
1181 1829 1300 1894 dubias

129 1954 233 2032 atque
257 1946 403 2010 incertas
427 1946 569 2029 notavit,
604 1947 663 2010 ille
692 1947 848 2011 dextrum
870 1946 1018 2010 feminae
1041 1967 1132 2029 genu
1155 1945 1299 2010 incredi-

128 2063 192 2128 bili
217 2062 362 2147 quodam
386 2062 484 2127 modo
509 2063 723 2127 continuavit
747 2069 781 2127 et
796 2062 966 2149 produxit,
990 2069 1029 2126 ut
1049 2062 1177 2146 aliquid
1193 2061 1299 2126 fieret.

239 2196 396 2280 Augetur
419 2196 503 2260 fides
528 2196 717 2261 sententiae
740 2219 835 2260 meae
860 2219 898 2260 ea
921 2219 966 2279 re,
993 2196 1082 2280 quod
1099 2196 1135 2260 in
1151 2196 1301 2279 lecythio

127 2312 276 2398 quodam
310 2313 346 2377 in
374 2334 499 2397 magna
523 2313 666 2377 Graecia
688 2308 879 2398 reperto¹⁰¹l
903 2312 1140 2377 Andromache
1168 2311 1302 2398 depicta

128 2437 193 2512 est,
233 2452 318 2514 quae
356 2430 465 2494 filium
499 2438 570 2494 arte
606 2429 780 2514 complexa
813 2428 939 2514 raptim
963 2428 1118 2512 confugit
1151 2428 1188 2492 in
1211 2450 1303 2492 aram

127 2546 237 2610 oculis
261 2546 304 2610 ad
326 2545 458 2610 hostem
482 2546 667 2610 instantem
690 2545 836 2609 retortis,
893 2546 935 2609 In
963 2544 1079 2609 tabula
1101 2551 1243 2609 matrem
1267 2551 1301 2608 et

126 2663 240 2728 filium
263 2662 360 2727 vivos
385 2662 543 2743 evasisse,
583 2661 726 2724 inferior
765 2661 900 2725 tabulae
935 2661 1047 2744 imago
1082 2682 1143 2725 nos
1172 2661 1299 2744 edocet,

126 2779 190 2844 ubi
213 2777 450 2843 Andromache
489 2800 565 2842 curn
603 2777 679 2842 aliis
715 2777 859 2863 captivis
894 2777 930 2841 in
965 2775 1126 2861 gradibus
1155 2777 1301 2862 sepulcri

128 2894 289 2960 Hectoris
329 2893 424 2958 sedet
457 2900 586 2958 maesta
619 2894 853 2978 infantemque
886 2893 1131 2978 Astyanactem
1171 2894 1300 2976 gremio

127 3017 236 3076 tenet.
283 3011 372 3075 Sunt
395 3013 452 3095 qui
480 3017 617 3094 negent,
652 3010 946 3095 Astyanactem
981 3009 1193 3094 exsculptum
1228 3031 1300 3073 esse

128 3130 173 3192 in
197 3127 349 3211 gremio
371 3126 692 3208 Andromachae,
718 3126 777 3190 sed
799 3149 874 3189 cum
897 3126 934 3189 in
950 3124 1105 3189 omnibus
1121 3123 1299 3204 Fabrettii,

128 3244 289 3326 Feodori,
330 3242 480 3307 Sohulzii
515 3242 800 3307 delineationibus
834 3249 908 3305 turn
943 3242 979 3305 in
1014 3247 1129 3305 nostra
1152 3241 1301 3325 imagine

130 3361 246 3425 infans
268 3359 368 3424 facile
392 3359 616 3442 cognoscitur.

474 3487 517 3529 102

240 3492 470 3558 Overbeokius
518 3491 530 3572 )
543 3491 694 3557 eiusdem
707 3491 900 3576 argumenti
912 3498 1131 3556 monumenta
1144 3498 1301 3576 quattuor

131 3609 280 3692 collegit.
326 3608 358 3673 A
373 3609 566 3694 Polygnoto
590 3631 722 3694 quoque
746 3609 783 3671 in
807 3586 920 3672 lescha
936 3608 1145 3694 Delphorum
1167 3609 1301 3694 depicta

130 3733 202 3791 erat
226 3726 337 3806 (Paua
355 3727 400 3807 X,
424 3725 476 3806 25,
494 3727 526 3798 4)
549 3713 763 3807 Ἀνδρομάχη,
801 3717 857 3783 καὶ
882 3711 899 3782 ὃ
924 3722 1008 3796 παῖς
1044 3716 1074 3784 ol
1100 3718 1302 3807 προέστηκεν

131 3833 284 3920 ἑλόμενος
303 3840 362 3902 τοῦ
382 3839 518 3919 procaci.
559 3840 795 3905 Andromache
819 3839 900 3904 haec
923 3839 1058 3924 captiva
1078 3862 1154 3903 cum
1176 3840 1299 3925 Astya-

241 4106 301 4173 101)
321 4105 362 4158 ed.
382 4105 415 4157 R.
435 4103 578 4169 Rechctte‚
597 4104 672 4157 illon.
687 4102 759 4156 ined.
779 4105 821 4170 49,
841 4105 866 4169 3,
885 4103 987 4172 paru
1007 4102 1040 4156 cf.
1055 4103 1093 4155 H.
1108 4102 1301 4172 Hoydomann,

130 4198 214 4265 Iliup.
235 4194 261 4248 d.
272 4195 387 4264 Brygos,
407 4213 432 4264 p.
445 4196 531 4247 11).-
544 4194 604 4260 102)
625 4193 774 4258 Overbeok,
794 4193 828 4248 G.
841 4192 868 4246 h.
885 4193 916 4246 B.
930 4193 944 4245 Ι
964 4211 990 4263 p.
1004 4193 1121 4257 lot—a
1142 4193 1176 4246 cf.
1192 4193 1301 4262 Heyde-

128 4303 224 4351 mann,
243 4285 325 4355 Iliup.
345 4284 371 4337 d.
385 4285 499 4354 Brygos,
518 4301 544 4353 p.
560 4285 600 4336 13.
