2872 4912
688 278 907 346 ,14-

218 467 257 524 11
283 460 440 544 precibus
468 459 573 524 filiam
601 481 696 524 suam
724 459 764 524 ab
793 481 832 523 eo
860 466 1027 544 reposcat,
1064 481 1082 523 a
1112 464 1209 542 tergo
1238 457 1389 542 Chrysae

220 583 272 640 eet
287 577 474 661 plaustrum
492 598 567 640 cum
584 574 692 640 bubus
708 569 889 656 iunctis³⁷);
914 575 979 639 viri
992 576 1058 639 duo
1075 575 1117 638 de
1133 575 1288 660 plaustro
1305 573 1388 639 dona

219 693 353 772 tollunt,
388 692 509 776 quibus
538 691 643 755 filiam
678 713 782 755 senex
817 691 875 755 ille
903 690 1070 755 redimere
1097 691 1172 755 vult
1200 689 1329 772 (Iahnii
1355 690 1387 753 in

219 808 308 872 tabb.
331 807 361 870 B
385 815 420 871 et
442 809 495 888 0);
533 808 652 871 tertius
682 806 819 892 quidam
843 807 896 872 vir
920 813 999 871 ante
1021 813 1192 871 temonem
1209 807 1266 870 vel
1288 805 1386 871 boves

219 922 1203 1009 111111111111111111111).ΜΒ,0.),11111111116111161611616
1213 922 1386 1008 incipiant.

326 1040 462 1126 Optime
474 1039 559 1103 mihi
571 1040 654 1104 haec
666 1040 779 1123 imago
793 1061 867 1103 curn
881 1039 1034 1103 versibus
1048 1039 1189 1103 Homeri
1196 1039 1234 1122 (I,
1245 1040 1386 1118 11—16)

220 1178 404 1239 congruere
427 1156 575 1237 videtur;
610 1156 709 1219 aliter
743 1156 877 1220 censuit
899 1155 1130 1239 Brueningius
1159 1157 1204 1240 (p.
1228 1155 1384 1233 37-38):

219 1271 325 1357 Apud
349 1274 535 1336 Homerum
559 1271 768 1336 sacerdotem
792 1271 889 1335 illum
913 1293 975 1357 pro
1004 1271 1173 1354 dignitate
1196 1293 1259 1335 sua
1282 1292 1385 1335 sacer-

220 1388 325 1452 dotali
349 1389 495 1453 Graecos
532 1409 713 1472 eorumque
748 1388 851 1451 duces
885 1387 1042 1472 precibus
1077 1386 1184 1469 adire,
1221 1387 1258 1452 in
1282 1386 1386 1452 Iliade

218 1505 324 1568 latina
336 1503 381 1586 (v.
397 1506 541 1581 19—30)
558 1511 674 1568 contra
690 1502 898 1567 sacerdotem
922 1504 1066 1588 genibus
1078 1503 1221 1570 Atridae
1244 1503 1387 1568 affusum

219 1643 279 1705 per
303 1642 444 1704 superos
457 1642 551 1684 orare
571 1620 808 1702 miserabilem,
834 1619 1133 1704 Myrmidonasque
1156 1619 1294 1684 fletibus
1319 1620 1387 1684 eius

193 1737 321 1800 'vinci
369 1738 415 1800 Et
449 1736 486 1800 in
509 1737 617 1800 Iliade
651 1736 758 1800 latina
793 1743 827 1800 et
861 1736 898 1800 in
922 1736 1036 1800 tabula
1060 1735 1216 1820 Ohyrsen
1239 1758 1275 1800 se
1300 1736 1387 1801 abie-

218 1853 303 1917 cisse
327 1860 362 1917 et
384 1853 608 1938 prostravisse
633 1852 858 1917 dissentiente
875 1853 1034 1916 Homero
1048 1888 1089 1896 -
1106 1852 1206 1916 Certo
1230 1851 1268 1916 in
1280 1851 1387 1917 Iliade

218 1969 324 2033 latina
348 1991 451 2033 senex
473 1969 531 2032 ille
556 1968 735 2053 dignitatis
760 1991 838 2032 suae
861 1969 1028 2032 rationem
1052 1990 1120 2032 non
1142 1967 1270 2047 habuit,
1294 1991 1388 2054 prae·

219 2086 335 2150 sertim
352 2108 428 2149 cum
445 2084 480 2149 id
503 2085 675 2170 respicias,
701 2107 802 2169 quam
825 2085 971 2169 turpiter
993 2084 1043 2150 ibi
1066 2106 1170 2149 senex
1192 2083 1333 2150 rediens
1355 2107 1387 2149 se

218 2201 369 2286 gesserit.
426 2201 522 2266 Nihil
557 2200 723 2265 eiusmodi
758 2201 794 2264 in
836 2200 951 2264 tabula
981 2199 1150 2282 invenies,
1187 2222 1389 2287 quamquam

219 2317 449 2401 Brueningius
472 2317 508 2382 11
532 2340 571 2382 61
594 2340 630 2381 16
646 2317 783 2381 videtur
799 2317 980 2400 offendere,
1005 2317 1092 2402 quod
1109 2316 1257 2401 Chryses
1272 2340 1389 2403 procu·

219 2433 294 2497 buit
328 2433 370 2497 ad
405 2433 508 2519 pedes
544 2433 821 2517 Agamemnonis,
880 2433 970 2510 Quid
1011 2439 1062 2496 est
1101 2439 1214 2497 autem
1250 2433 1390 2498 Homeri

220 2549 304 2614 illud
328 2541 497 2613 atterere?
532 2550 619 2614 nihil
652 2549 744 2614 aliud
780 2571 880 2634 quam
916 2549 1128 2634 supplicatio
1164 2548 1200 2613 id
1236 2550 1329 2634 quod
1352 2572 1390 2614 ex

219 2665 354 2730 infinita
389 2666 612 2730 terminorum
636 2664 893 2730 Homericorum
928 2665 1149 2729 multitudine
1184 2661 1388 2746 efficitur³⁸l

220 2782 332 2859 Quid?
368 2783 397 2846 si
431 2804 542 2867 neque
570 2783 748 2846 Nestorem
785 2804 900 2846 senem
936 2781 1104 2863 dedecuit,
1140 2782 1389 2866 supplicantem

220 2898 370 2963 omnium
407 2899 557 2964 virorum
596 2920 708 2984 genua
746 2898 905 2982 amplecti
949 2897 1001 2977 (11.
1034 2898 1113 2980 XV,
1148 2895 1242 2981 660),
1283 2919 1389 2984 neque

219 3014 400 3078 Thetidem
425 3013 522 3078 deam
546 3037 658 3099 genua
681 3015 773 3079 Iovis
798 3012 938 3097 (1,500)‚
969 3035 1035 3098 qua
1058 3012 1100 3076 de
1124 3035 1223 3078 causa
1247 3015 1388 3080 eandem

219 3152 290 3194 rem
325 3131 476 3216 Chrysae
511 3131 678 3196 sacerdoti
713 3130 892 3216 opprobrio
928 3129 1007 3194 dare
1041 3129 1168 3214 poteris
1203 3130 1240 3194 in
1277 3131 1389 3196 tabula

219 3247 354 3310 nostra?
401 3247 538 3331 Optime
574 3248 623 3312 sic
658 3247 782 3311 artifex
816 3246 1002 3310 terminum
1037 3246 1178 3310 Homeri
1213 3247 1387 3332 expressit,

220 3370 254 3425 et
288 3363 443 3462 videmus
478 3363 578 3428 aliter
606 3370 706 3448 atque
730 3362 961 3446 Bruaningius
985 3363 1110 3426 sentiat
1133 3361 1236 3427 Iliadi
1260 3364 1386 3429 latinae

219 3485 253 3542 et
278 3478 425 3543 tabulam
449 3485 483 3543 61
507 3481 693 3545 Homerum
718 3501 790 3544 esse
814 3478 998 3564 oppositos.

325 3595 365 3659 In
401 3596 506 3661 altera
534 3590 730 3681 imagine³⁹l
763 3595 823 3660 ubi
846 3594 1025 3679 Chryses
1054 3601 1197 3679 utroque
1234 3596 1390 3662 bracchio

219 3711 350 3777 sublato
389 3719 481 3777 ante
520 3735 625 3778 aram
664 3719 702 3776 et
740 3711 931 3796 templum
972 3711 1179 3796 Apollinis
1219 3711 1389 3779 Sminthei

324 3951 369 4017 31)
389 3950 519 4003 Centoras
547 3965 646 4017 quaeso
674 3949 791 4018 clipeum
810 3947 931 4000 Achilles
949 3947 1139 4001 Theodoroum
1163 3965 1180 4000 a
1198 3948 1390 4005 Bienkowekio

217 4039 235 4091 l.
255 4039 272 4091 1.
292 4039 412 4103 ο(111111;
432 4039 488 4092 tab.
508 4038 560 4091 VI.
582 4070 612 4076 —
634 4039 678 4102 38)
698 4038 732 4090 Il.
752 4038 775 4102 I,
795 4038 859 4101 (310;
883 4037 936 4102 VI,
955 4040 1002 4102 li),
1023 4037 1076 4102 IX,
1095 4038 1160 4101 4513
1180 4036 1218 4102 X,
1238 4040 1306 4106 4553
1326 4041 1390 4103 XX,

217 4129 282 4194 4693
302 4127 384 4191 XXI,
397 4129 443 4192 r13
462 4127 575 4192 XXIV,
594 4128 654 4180 eet.
675 4159 705 4166 —
727 4129 771 4187 311)
790 4125 835 4178 Ad
853 4125 925 4179 hanc
943 4127 1089 4196 imaginem
1109 4132 1191 4195 atque
1203 4130 1390 4197 soquentescl.

216 4216 378 4281 Roberturn,
398 4217 444 4286 qui
464 4216 616 4285 (Archaeol.
632 4217 718 4286 Zeitg.
731 4217 800 4269 rem
811 4234 838 4285 p.
851 4217 901 4269 lot
911 4218 979 4286 sqq.)
994 4217 1053 4286 ipsa
1072 4215 1167 4269 tabula
1177 4216 1286 4273 Rornae
1304 4221 1391 4291 perlu-

216 4313 303 4360 strata
330 4306 536 4360 delineationem
560 4307 728 4361 Foodoreanr
758 4311 785 4359 et
808 4305 1001 4359 Schulniananr
1030 4305 1174 4359 emendare
1197 4315 1316 4363 conatus
1344 4315 1391 4364 est.
