2872 4912
548 260 766 338 449-

63 451 128 509 est.
160 483 201 491 -
230 441 369 513 Hecuba
406 448 598 516 Stesichoro
634 458 721 516 teste
750 453 791 517 ab
827 449 988 537 Apolline
1021 453 1057 517 in
1094 447 1236 537 Lyciam

64 562 232 628 subducta
256 571 316 628 est.
343 601 383 609 -
409 566 521 630 Axion
549 568 676 632 Priami
706 568 795 632 filius
824 567 953 633 Lesche
982 574 1069 632 teste
1097 576 1236 634 necatus

64 685 118 742 est
141 679 184 743 ab
212 680 389 766 Eurypylo
416 682 623 748 Euaemonis
651 683 732 749 filie.
758 721 799 728 —
825 686 963 769 Agenor
991 684 1121 750 Lesche
1151 693 1238 750 teste

64 816 84 857 a
107 795 331 880 Neoptolemo
356 797 576 863 obtruncatus
601 806 661 863 est.

175 910 284 988 Quare
309 935 384 977 cum
408 914 592 999 Polygnoti
614 916 727 1000 imago
743 917 926 997 Priamum,
951 915 1129 1000 Anionem,
1146 919 1237 1000 Age-

65 1048 182 1092 norem
218 1034 366 1093 mortuos
402 1030 461 1094 illo
496 1031 569 1095 loco
604 1038 874 1117 repraesentaret
913 1033 1011 1115 solos,
1051 1033 1237 1098 Pausanias

64 1149 103 1207 ut
135 1166 294 1228 personas
327 1146 607 1231 interpretaretur
630 1148 780 1212 Leschae
811 1148 1062 1233 Stesichorique
1095 1149 1237 1235 lliuper-

63 1258 155 1324 sides
170 1260 208 1324 in
224 1261 383 1326 auxilium
402 1263 546 1343 vocavit,
574 1264 661 1348 quod
685 1270 865 1348 utrumque
882 1287 1016 1328 carmen
1034 1265 1150 1329 eadem
1167 1267 1238 1330 fere

63 1376 202 1440 videtur
224 1377 417 1460 tradidisse;
446 1379 548 1443 talem
572 1380 609 1444 in
632 1380 768 1445 modum
792 1382 919 1445 tactum
946 1389 1006 1458 est,
1036 1388 1074 1446 ut
1099 1381 1238 1446 Hecuba

64 1515 197 1578 quoque
232 1494 269 1558 in
304 1494 366 1559 hac
400 1502 496 1579 parte
531 1496 691 1580 imaginis
725 1497 957 1580 Polygnoteae
996 1519 1063 1561 non
1103 1497 1238 1584 depicta

63 1617 391 1693 commemoraretur,
416 1611 506 1696 quod
530 1611 592 1676 hac
616 1612 652 1675 in
675 1635 711 1677 re
728 1613 798 1677 sola
818 1613 967 1678 Leschae
992 1620 1027 1677 et
1052 1613 1238 1678 Stesichori

63 1725 283 1810 Iliupersides
311 1727 402 1791 inter
430 1750 465 1791 se
495 1726 767 1813 discrepuerunt;
802 1752 880 1794 nam
916 1729 1065 1794 Leschae
1099 1729 1239 1793 Hecuba

62 1841 201 1906 videtur
235 1843 272 1908 in
307 1844 485 1908 Thraciam
520 1845 715 1930 pervenisse
750 1868 856 1928 serva,
904 1845 1089 1910 Stesichori
1124 1851 1237 1908 autem

63 1958 205 2022 Hecuba
229 1959 270 2023 ab
292 1959 450 2045 Apolline
475 1961 510 2024 in
534 1961 677 2044 Lyciam
700 1961 864 2026 subducta
889 1972 949 2025 est.
987 1960 1115 2038 Quibus
1139 1961 1238 2025 rebus

61 2075 99 2139 in
123 2081 274 2139 nostram
298 2077 447 2140 tabulam
477 2077 650 2141 translatis
677 2077 814 2141 heroem
843 2078 950 2160 illurn,
980 2077 1039 2161 qui
1063 2076 1238 2141 Hecubam

61 2191 214 2256 crinibus
225 2192 389 2257 avellitde
401 2194 723 2278 ara,Eurypylum
734 2193 1104 2278 appellaverim,virum
1115 2193 1239 2257 deinde

59 2313 232 2372 mortuum
256 2308 362 2389 illum,
388 2309 446 2394 qui
475 2309 591 2373 subter
618 2308 721 2393 pedes
746 2311 819 2372 eius
844 2314 940 2391 iacet,
966 2310 1163 2373 Axionem
1197 2309 1237 2373 ab

59 2425 241 2510 Eurypylo
257 2432 474 2510 prostratum,
491 2425 691 2509 praesertim
707 2447 784 2489 cum
798 2425 946 2489 nominis
965 2426 1097 2490 litterae
1110 2423 1139 2488 A
1154 2431 1188 2488 et
1204 2422 1243 2488 N

60 2543 98 2606 in
123 2540 239 2605 tabula
263 2541 373 2606 adhuc
397 2541 578 2606 videantur
601 2542 759 2626 cognosci
788 2564 900 2626 posse,
930 2541 1077 2626 spatium
1106 2563 1237 2627 quoque

60 2679 246 2744 paucarum
293 2653 446 2722 tantum'
476 2657 665 2722 litterarum
715 2658 845 2723 nomini
889 2657 1014 2722 Axicni
1057 2657 1236 2721 sufficeret.

59 2773 261 2859 Eurypylus
289 2773 356 2837 iam
384 2773 425 2837 ab
454 2768 644 2854 Homero⁷⁵l
673 2773 875 2838 describitur
904 2774 1002 2838 heros
1032 2773 1121 2837 haud
1157 2794 1235 2836 con·

59 2889 278 2970 temnendus,
304 2890 362 2974 qui
379 2912 396 2953 e
413 2889 587 2954 Thessalia
608 2889 784 2955 Ormenios
809 2896 926 2955 contra
942 2889 1104 2953 Troianos
1130 2888 1237 2970 duxit,

62 3005 148 3090 quin
173 3006 274 3070 etiam
299 3029 375 3069 cum
392 3007 538 3070 Hectore
555 3013 725 3070 certamen
746 3006 916 3090 singulare
941 3005 1027 3068 inire
1052 3026 1151 3068 ausus
1176 3012 1236 3067 est.

63 3121 164 3199 Quod
187 3145 267 3190 vero
290 3144 359 3187 non
391 3123 578 3208 Eurypylo,
603 3122 662 3186 sed
691 3123 784 3188 Ulixi
808 3122 948 3186 Hecuba
971 3127 1088 3206 postea
1111 3120 1238 3184 tributa

63 3245 118 3302 est
153 3233 302 3320 servaw),
339 3239 401 3303 hoc
437 3261 556 3324 parum
590 3240 695 3302 refert
728 3238 769 3302 ad
805 3238 894 3303 hunc
922 3239 1042 3313 locum,
1079 3238 1238 3320 quoniam

61 3360 203 3441 propter
227 3355 347 3440 capitis
371 3356 606 3439 tegimentum,
637 3354 726 3448 quod
751 3354 871 3418 ceteris
897 3353 1007 3420 Ulixis
1031 3353 1237 3436 imaginibus

61 3493 134 3536 non
158 3471 349 3556 respondet,
374 3470 483 3555 figura
506 3472 565 3535 illa
589 3493 802 3556 nequaquam
826 3470 944 3537 Ulixes
968 3492 1040 3533 esse
1064 3474 1187 3553 potest.

171 3586 338 3653 Axionem
356 3589 516 3673 Hyginus
540 3587 621 3669 (fab.
647 3585 703 3668 90)
728 3608 858 3672 quoque
883 3587 973 3649 inter
995 3585 1084 3650 filios
1108 3584 1237 3648 Priami

62 3704 265 3769 numeravit.
312 3705 377 3768 Pro
393 3705 467 3769 viro
483 3710 595 3768 autem
613 3704 793 3784 Fabrettii,
810 3701 1079 3783 Montetalconii,
1101 3700 1236 3783 Begeri,

62 3819 238 3904 Fogginii,
263 3820 399 3903 Millini,
424 3820 571 3884 Feodori
587 3821 754 3904 imagines
770 3819 945 3883 mulierem
962 3819 1016 3882 vel
1032 3817 1237 3899 virginem

62 3943 259 4001 mortuam
283 3936 549 4019 delineaverunt,
575 3958 675 4021 quam
691 3935 864 3999 Feodorus
887 3955 993 4018 usque
1018 3933 1059 3996 ad
1076 3953 1238 3996 mammas

61 4059 161 4119 veste
195 4052 339 4135 velavit,
378 4052 575 4117 Fabrettius
607 4058 721 4138 partes
756 4050 931 4136 pudendas
971 4048 1099 4112 obtexit
1137 4048 1237 4126 solas,

62 4173 73 4177 μ
93 4171 104 4175 1
115 4172 118 4174 ¹
130 4171 154 4174 --
173 4170 216 4278 75)
236 4209 323 4275 1111,
338 4210 401 4274 134;
422 4208 490 4273 Vll,
506 4209 564 4262 167.
576 4240 610 4245 -
630 4208 675 4274 76)
692 4207 851 4276 Apollodor.
866 4206 917 4275 (cd.
929 4205 1049 4274 Wagner
1061 4205 1089 4256 in
1100 4203 1237 4272 mythogr.

61 4319 102 4373 gr.
126 4300 205 4370 1894)
225 4300 261 4365 V,
280 4299 327 4365 ‘24;
347 4299 445 4367 Dictys
465 4299 500 4364 V,
522 4300 566 4363 133
587 4297 641 4350 alii.

1026 4403 1043 4453 4
