2872 4912
547 259 766 322 ...13-

173 436 267 500 Haec
290 434 402 519 habui,
427 457 512 520 quae
538 435 684 499 dicerem
709 435 751 499 de
776 456 900 519 genere
924 439 958 498 et
981 433 1113 533 ratione
1140 432 1236 498 tabu-

61 553 172 616 larum
195 552 385 616 Iliacarum.
424 551 524 615 Nunc
539 550 647 634 igitur
663 557 778 616 nostra
794 550 976 636 praecipue
992 572 1071 614 usus
1088 549 1237 634 imagine

63 668 180 753 ectypi
208 668 362 750 singulas
389 668 528 734 tabulae
556 684 657 734 zonas
689 666 856 752 quomodo
886 687 1124 752 proposueram
1161 684 1238 731 cum

62 785 168 850 libris
190 784 335 851 Homeri
359 782 518 852 conferre
543 784 709 863 conabor3
733 783 892 869 quoniam
919 789 1032 847 autem
1055 782 1142 846 hanc
1166 804 1237 846 rem

63 900 132 965 iam
156 900 255 966 multi
278 899 344 965 viri
373 899 563 965 doctissimi
592 895 865 984 susceperuncffl),
894 899 1124 963 satisfecisse
1151 897 1237 962 mihi

63 1016 217 1100 videbor,
247 1016 276 1081 si
300 1038 356 1081 eos
379 1016 594 1103 potissimum
618 1017 707 1081 locos
731 1037 945 1102 proposuere,
970 1014 1091 1100 quibus
1115 1014 1238 1079 artifex

64 1154 142 1197 cum
166 1132 372 1198 carminibus
396 1132 587 1198 Homericis
611 1154 678 1197 non
702 1153 888 1216 congruere
912 1131 1076 1197 videatur.

171 1248 354 1334 Inprimis
378 1249 554 1330 Lysander
569 1243 764 1330 Konstas³⁵)
788 1248 950 1313 tabulae
973 1247 1100 1312 fidem
1120 1267 1235 1330 nega·

64 1366 135 1449 vit,
172 1388 248 1430 cum
282 1366 461 1451 permultis
495 1366 576 1429 locis
612 1387 685 1429 eam
721 1364 839 1429 differe
874 1388 893 1429 a
926 1363 1131 1429 carminibus
1166 1364 1236 1427 Ho-

64 1482 148 1546 meri
165 1488 314 1566 putaret;
339 1488 441 1567 atque
464 1504 573 1568 nuper
589 1483 630 1546 A.
647 1475 931 1564 Bruaningius³⁶l,
961 1479 1137 1545 tabulam
1160 1500 1235 1543 nos-

63 1605 165 1662 tram
193 1620 274 1662 una
303 1620 387 1662 cum
411 1597 540 1662 Iliade
572 1597 703 1662 latina
732 1619 817 1682 quae
846 1597 970 1662 dicitur
1005 1595 1236 1680 discrepare

63 1712 109 1777 ab
148 1713 278 1778 Iliade
316 1714 480 1779 Homeri
523 1713 734 1778 contendit
785 1735 823 1778 eo
867 1711 1068 1778 crediderim
1121 1711 1235 1776 studio

63 1830 228 1913 pellectus
256 1829 372 1914 nimio,
401 1836 441 1895 ut
468 1851 680 1894 communem
704 1829 872 1913 quendam
896 1829 1031 1894 tabulae
1053 1827 1177 1892 Iliacae
1202 1833 1236 1890 et

63 1945 181 2010 Iliadis
209 1946 335 2011 latinae
364 1946 610 2011 demonstraret
636 1947 778 2030 fontem,
813 1968 895 2031 quas
930 1943 1054 2008 iisdem
1082 1943 1165 2008 locis
1187 1943 1235 2006 ‘ab

65 2063 214 2128 Homero
237 2068 374 2148 putaret
402 2063 576 2127 dissidere.
622 2062 776 2127 Primum
804 2063 912 2146 igitur
938 2082 1051 2124 meum
1080 2058 1146 2124 erit
1173 2057 1235 2122 his

62 2179 243 2264 praecipue
281 2179 550 2243 adversariorum
588 2177 724 2242 tabulae
770 2177 990 2243 sententiis
1036 2175 1235 2239 refutatis

62 2294 188 2359 fidem
222 2295 383 2360 tabulae
419 2295 526 2359 tueri
560 2303 680 2378 atque
708 2311 885 2373 servare,
922 2292 963 2357 de
992 2291 1114 2356 ceteris
1143 2290 1234 2355 enim

62 2410 266 2477 adversariis
282 2412 372 2476 infra
388 2412 507 2492 dicam,
533 2410 693 2495 quoniam
708 2409 854 2474 mediam
870 2407 1085 2494 potissimum
1100 2407 1235 2472 tabulae

62 2533 194 2612 partem
219 2527 465 2592 Stesichoream
488 2528 778 2612 impugnaverunt
801 2525 853 2589 illi
875 2531 914 2589 ut
938 2525 1050 2589 minus
1073 2522 1186 2588 fidam.

170 2642 284 2728 Atque
330 2643 474 2729 primam
520 2643 658 2728 quidem
705 2641 966 2727 discrepantiam
1005 2639 1258 2723 Brucuingius·

61 2757 106 2843 (p.
130 2761 206 2837 137)
241 2760 356 2825 statim
391 2760 491 2824 initio
528 2781 654 2824 zonae
689 2759 841 2843 primae
878 2757 1051 2823 invenisse
1084 2756 1151 2821 sibi
1183 2755 1235 2820 vi-

62 2874 174 2959 detur,
213 2875 271 2940 ubi
311 2875 484 2960 Chryses
523 2875 676 2940 sacerdos
711 2874 752 2939 ab
792 2875 1090 2959 Agamemnone
1128 2871 1235 2936 filiam

59 3013 159 3055 suam
183 2991 344 3077 reposcit:
371 2992 508 3058 Ceteras
533 2992 624 3057 enim
654 2991 786 3056 tabulas
811 2991 930 3055 Iliacas
958 2988 1048 3074 apud
1076 2987 1234 3052 Iahnium

57 3107 188 3172 litteris
223 3108 252 3172 B
277 3114 312 3172 et
341 3107 367 3172 O
397 3113 532 3172 notatas
566 3108 639 3172 sine
668 3107 736 3171 ulla
765 3106 979 3172 dubitatione
1007 3104 1050 3169 ad
1085 3110 1234 3169 nostram

59 3223 214 3288 tabulam
240 3223 298 3288 ille
321 3225 395 3310 pari
418 3224 549 3289 ratione
573 3222 738 3303 adhibuit,
775 3245 977 3307 quamquam
1001 3227 1144 3304 constat,
1178 3242 1233 3284 eas

60 3339 204 3404 minime
226 3340 317 3404 inter
341 3363 376 3404 se
400 3341 600 3423 consentire,
624 3340 728 3404 immo
751 3340 787 3403 in
810 3339 910 3404 rebus
932 3337 1145 3421 gravioribus
1166 3335 1234 3400 dis-

61 3476 201 3541 crepare
217 3461 318 3541 atque
335 3457 407 3541 ipsa
424 3457 647 3542 dispositione
662 3456 752 3520 inter
768 3478 804 3519 se
821 3454 967 3519 differre.
1003 3453 1233 3519 Nihilominus

63 3571 167 3636 etiam
190 3571 278 3636 hano
300 3573 505 3658 Brueningii
528 3573 732 3637 sententiam
753 3571 944 3636 examinare
961 3569 1115 3653 conabor,
1139 3591 1233 3649 prae-

62 3687 181 3752 sertim
205 3710 282 3753 cum
304 3689 392 3754 hanc
408 3689 543 3754 tabulae
558 3696 693 3754 nostrae
709 3695 840 3774 partem
857 3688 931 3751 sine
955 3686 1057 3751 dubio
1075 3685 1233 3749 stabulis

61 3804 92 3868 B
128 3810 164 3869 et
196 3805 222 3869 O
257 3805 351 3870 refici
384 3827 484 3890 posse
519 3804 732 3870 crediderim.
788 3807 1100 3890 Repraesentantur
1134 3800 1230 3865 haec:

63 3918 331 4006 Agamemnonis
353 3921 503 3986 sedentis
519 3921 561 3986 ad
577 3921 680 4006 pedes
697 3922 844 4006 Chryses
861 3920 1015 3985 sacerdos
1030 3915 1231 4003 procumbit,

61 4047 171 4054 ——-...-·-

169 4106 214 4171 34)
237 4105 272 4158 of.
292 4104 363 4158 lahn
381 4104 399 4157 l.
418 4104 436 4157 l.
455 4122 481 4174 p.
501 4104 526 4157 2.
553 4136 584 4144 —
614 4106 658 4173 35)
678 4104 820 4173 Lysander
839 4105 873 4159 G.
893 4102 997 4157 Ohadzi
1016 4103 1146 4167 Repetas,
1165 4100 1231 4153 Iliu-

59 4197 146 4266 persis
165 4195 238 4249 nach
257 4194 437 4260 Stesichorus,
456 4194 520 4248 dise.
540 4195 615 4265 Lips.
637 4195 713 4248 1876.
734 4227 767 4233 —
788 4196 831 4262 36)
851 4194 885 4247 A.
905 4194 1052 4262 Bruoning,
1079 4191 1170 4245 Ucber
1188 4190 1233 4243 die

59 4285 210 4341 bildlichen
229 4285 367 4355 Vorlagen
386 4284 413 4338 d.
432 4284 518 4338 ilisch.
537 4285 641 4350 Taleln,
660 4285 743 4338 Arch.
762 4284 860 4339 Jahrb.
876 4283 929 4349 IX,
950 4283 1026 4348 raet,
1045 4300 1071 4351 p.
1084 4280 1231 4335 loo-165.
