2872 4912
538 262 756 330 -19-

62 429 197 506 hastam
221 464 239 506 e
262 442 449 508 visceribus
473 442 580 509 hostis
604 444 804 531 palpitantis
829 434 946 510 evellit
970 446 1058 529 (568;
1076 445 1169 526 574);
1193 481 1234 489 -

63 558 290 642 nequeenim
315 559 449 643 gladius
474 560 532 624 ille
557 559 751 626 Feodoreae
788 560 1027 626 delineationis
1062 561 1099 625 in
1121 570 1236 626 nostra

62 671 215 758 imagine
249 676 466 761 conspicitur,
503 676 564 740 sed
598 676 705 742 hasta.
737 713 777 722 —
813 677 975 762 Sequitur
998 677 1235 742 Idomeneus

64 788 248 872 (362—63)
276 792 334 876 qui
356 792 631 878 Othryoneum
659 795 858 878 prostravit,
895 793 985 858 hunc
1009 793 1137 858 amicus
1161 793 1235 878 qui-

64 903 141 970 dam
159 905 215 989 (an
228 908 425 994 Deiphobus
437 931 539 974 versu
550 912 616 975 402
630 909 775 991 dictus?)
792 910 1019 994 pugnantium
1035 933 1053 974 e
1070 932 1235 975 concursu

63 1023 197 1088 auferre
232 1029 385 1107 conatur;
420 1026 544 1091 deinde
567 1027 689 1091 Asius
722 1032 757 1091 et
780 1026 853 1112 ipse
877 1026 919 1091 ab
942 1026 1124 1091 Idomeneo
1147 1026 1235 1091 ictus

63 1141 157 1221 (3843
182 1141 272 1223 389);
307 1141 428 1206 ultimo
452 1142 525 1207 loco
549 1143 704 1207 Aeneas
728 1149 763 1206 et
786 1141 994 1227 Aphareus
1030 1150 1235 1208 concurrunt

62 1256 280 1339 (541-542);
311 1258 448 1323 Aeneae
480 1258 614 1342 gladius
649 1265 765 1345 aperte
795 1258 1019 1342 cognoscitur,
1055 1258 1234 1344 Aphareus

63 1371 195 1438 hastam
232 1373 346 1438 vibrat
368 1375 531 1439 lacertum
567 1375 752 1441 excutiens.
800 1374 866 1452 Qui
889 1381 1095 1460 pugnatores
1119 1396 1234 1459 quam·

62 1511 164 1573 quam
199 1512 314 1556 omnes
350 1490 454 1555 etiam
490 1490 530 1555 ab
566 1491 715 1556 Homero
750 1492 984 1570 nominantur,
1021 1496 1136 1555 tamen
1171 1490 1234 1555 hoc

61 1605 135 1670 loco
163 1605 285 1672 Iahnio
320 1608 364 1692 (p.
392 1607 444 1685 16)
480 1613 515 1671 et
538 1608 692 1672 Konstae
726 1610 771 1692 (p.
803 1605 945 1688 17—18)
981 1606 1238 1671 concedendum>

62 1729 125 1806 est,
149 1723 314 1788 artificem
338 1723 413 1808 ipso
449 1724 677 1808 pugnantium
705 1722 824 1789 habitu
859 1745 977 1788 versus
1000 1723 1142 1787 Homeri
1164 1743 1234 1787 non

60 1839 162 1924 plane
197 1839 410 1924 adaequasse,
446 1840 608 1905 nimirum
644 1840 723 1924 quia
757 1839 793 1903 in
828 1839 890 1904 hoc
922 1838 1008 1904 libro
1043 1839 1232 1903 communis

61 1955 213 2020 omnium
249 1977 429 2020 concursus
465 1962 565 2041 atque
600 1956 766 2020 tumultus
802 1953 925 2019 artifici
949 1955 1111 2039 sculptori
1134 1976 1233 2038 argu-

61 2079 215 2136 mentum
250 2072 483 2157 suppeditavit
517 2072 630 2136 minus
665 2071 811 2155 insigne.
871 2069 1073 2134 Adamantis
1110 2092 1233 2137 nomen

59 2188 96 2253 in
135 2187 359 2253 Acamantem
399 2187 622 2273 depravatum
661 2209 734 2252 esse
773 2186 862 2252 haud
900 2186 1006 2251 nimio
1052 2186 1232 2273 opprobrio

58 2303 216 2369 dabimus
240 2303 364 2369 artifici
387 2305 424 2370 in
447 2326 549 2390 opere
573 2303 804 2368 subtilissimo.

168 2536 282 2601 Etiam
307 2536 342 2600 in
367 2535 521 2600 ordinem
545 2535 719 2620 sequentis
755 2533 855 2599 libri
878 2531 993 2603 XIV}
1015 2529 1071 2618 [Ξ]
1096 2534 1232 2599 videtur

61 2675 155 2717 error
178 2652 315 2739 quidam
344 2652 533 2738 irrepsisse:
580 2652 621 2716 In
646 2657 795 2716 extrema
819 2650 947 2715 ordinis
971 2657 1067 2736 parte
1096 2651 1233 2714 sinistra

60 2769 276 2853 cognoscitur
299 2790 443 2855 persona
466 2765 641 2853 quaedam,
669 2789 768 2853 quam
794 2765 968 2832 Feodorea
995 2767 1107 2850 imago
1131 2767 1232 2852 plane

58 2885 177 2950 omisit
201 2920 241 2930 -
267 2885 339 2949 hiat
362 2884 410 2949 ibi
434 2885 554 2950 lacuna
578 2920 630 2965 -,
667 2883 870 2950 Sohulziana
897 2883 1009 2949 virum
1038 2904 1231 2967 repraesen-

56 3001 150 3066 tavit
172 3000 267 3065 humi
302 3001 544 3084 subsidentem,
582 3001 640 3085 qui
673 2999 830 3064 manibus
865 3000 901 3064 in
936 2999 1065 3063 caelum
1089 2997 1231 3062 sublatis

56 3118 168 3182 vitam
202 3117 338 3184 videtur
372 3117 502 3202 precari
537 3116 578 3181 ab
611 3116 719 3181 hoste.
765 3116 864 3180 Hanc
887 3136 1066 3200 personam
1089 3113 1231 3178 Iahnius

57 3239 104 3320 (p.
142 3235 197 3315 16)
232 3233 413 3298 Satnium
450 3233 645 3319 appellavit,
683 3253 782 3316 quem
816 3231 913 3297 Aias
948 3231 1099 3296 Locrus
1134 3229 1231 3295 hasta

58 3350 235 3414 interfecit
270 3349 359 3433 apud
382 3350 569 3414 Homerum
593 3348 702 3430 (XIV,
727 3346 909 3429 440—47);
947 3353 1127 3431 sequentes
1155 3369 1230 3432 per-

59 3488 160 3531 sonas
198 3465 491 3531 Arohelochum
531 3455 741 3548 [Ἀρχέλοχος]
789 3473 823 3528 et
861 3463 1034 3528 Aiacem·
1062 3462 1231 3527 Locrum

57 3574 165 3668 [Αἴας
188 3573 343 3667 Λοκρός].
391 3583 558 3660 Quoniam
583 3590 697 3647 autem
721 3580 951 3646 Archeloohus
975 3602 1045 3645 non
1068 3579 1109 3643 ab
1126 3579 1230 3643 Aiace

58 3700 167 3765 Locro
191 3699 250 3764 sed
273 3723 292 3764 a
316 3699 512 3764 Telamonio
536 3695 719 3781 (458-66)
743 3696 872 3761 occisus
897 3702 958 3772 est,
995 3695 1118 3760 artifici
1143 3695 1230 3759 hanc

58 3815 263 3882 Archeloohi
302 3837 480 3902 personam
520 3815 611 3880 inter
644 3814 790 3878 Locrum
825 3811 965 3877 Aiacem
1005 3818 1039 3875 et
1074 3810 1229 3876 Satnium

56 3933 276 4020 interponere
299 3955 368 3998 non
391 3931 498 4014 licuit,
524 3953 624 4016 quam
649 3930 796 4013 obrem,
822 3952 864 3994 ne
889 3928 1062 3993 amborum
1088 3927 1230 3992 Aiacum

56 4050 198 4114 nomina
220 4049 420 4114 viderentur
443 4048 583 4112 confusa
603 4069 685 4130 esse,
711 4045 887 4111 Michaelis
905 4044 993 4129 apud
1010 4043 1171 4108 Iahnium
1188 4043 1230 4106 ad

56 4189 133 4232 eam
154 4165 311 4250 confugit
330 4163 657 4249 interpretationem,
682 4169 721 4227 ut
742 4163 778 4226 in
800 4162 915 4226 tabula
936 4160 977 4225 ab
1000 4160 1106 4224 Aiace
1122 4159 1230 4223 Locro

56 4283 216 4351 Satnium
239 4287 444 4366 prostratum
462 4279 602 4362 diceret,
627 4277 875 4344 Archeloohum
900 4277 1014 4342 conari
1037 4283 1230 4362 pugnantes

1018 4396 1049 4448 2*
