2872 4912
613 251 830 314 *25-

131 427 361 492 narrationem
386 450 462 492 cum
479 433 600 513 ectypo
620 435 734 493 nostro
751 450 933 512 congruam
950 427 1089 492 reddere
1105 429 1300 514 poterimus,

130 543 207 626 Ego
240 565 316 608 cum
352 543 473 609 Iahnio
505 543 602 626 facio,
643 545 701 628 qui
741 545 970 609 Patroclum
1012 552 1046 608 et
1084 545 1299 610 Hectorem

135 659 328 744 exsculptos
362 681 433 723 esse
468 668 592 743 censet,
627 683 727 745 quam
750 660 858 744 ipsam
891 683 962 724 rem
995 661 1145 725 Konstas
1175 663 1220 745 (p.
1245 661 1300 738 22)

130 773 271 839 huiusce
295 775 374 839 libri
397 775 433 839 in
463 775 613 859 imagine
636 776 709 840 iure
738 776 1008 841 desideravisset.
1059 777 1235 840 Patroclus
1259 776 1300 840 de

135 912 237 955 curru
265 889 403 956 desiluit
430 890 537 974 (XVI,
569 894 654 972 733),
693 891 851 957 Hectoris
890 894 1042 976 aurigam
1077 892 1300 956 Cebrionen

130 1005 257 1091 lapidis
280 1006 351 1071 ictu
380 1006 562 1090 Interfecit,
587 1016 625 1072 ut
649 1031 667 1072 e
691 1030 791 1072 curru
815 1007 987 1072 decideret
1011 1006 1117 1091 (737);
1155 1009 1235 1073 dum
1259 1008 1300 1073 ab

130 1123 237 1187 altera
260 1129 355 1208 parte
371 1145 463 1187 nunc
478 1123 653 1188 Patroclus
675 1123 773 1187 hasta
789 1134 935 1188 armatus
959 1124 1176 1209 progreditur
1210 1126 1300 1206 (751)

130 1238 240 1324 spolia
264 1239 445 1304 Oebriones
470 1245 640 1321 exuturus,
664 1239 705 1303 ab
731 1239 835 1303 altera
862 1247 957 1325 parte
984 1241 1112 1305 Hector
1136 1240 1177 1304 de
1201 1263 1300 1306 curru

131 1354 268 1420 desilire
296 1361 401 1439 parat,
436 1364 475 1420 ut
503 1356 545 1419 de
581 1355 746 1423 Gebrione
774 1362 905 1420 mortuo
935 1379 1011 1421 oum
1035 1357 1190 1421 Patroclo
1221 1379 1299 1422 con-

131 1470 252 1536 tendat
279 1471 380 1551 (755).
439 1472 618 1537 Gradatim
654 1472 702 1536 sic
726 1472 799 1557 ipsa
823 1472 963 1536 Homeri
991 1472 1094 1537 verba
1117 1473 1154 1538 in
1178 1483 1300 1559 ectypo

130 1595 248 1652 nostro
286 1587 445 1672 persequi
488 1609 680 1672 possumus,
721 1597 758 1652 ut
792 1588 962 1672 miremur,
1004 1611 1148 1673 quanam
1188 1589 1224 1654 in
1264 1612 1299 1654 re

130 1702 281 1786 Iahnius,
314 1702 500 1784 Michaelis,
532 1705 681 1768 Konstas
705 1703 920 1768 offenderint.
971 1706 1124 1770 Alteram
1155 1705 1299 1789 figuram

132 1841 217 1903 quae
241 1818 332 1883 inter
355 1819 537 1884 Hectorem
561 1826 595 1883 et
618 1821 811 1884 Patroclum
834 1819 970 1885 videtur
993 1821 1193 1906 prominere,
1219 1827 1299 1885 tunc

130 1935 275 2000 fortasse
297 1935 399 1999 etiam
422 1934 753 2021 ApollinemllllS)
777 1937 945 2021 appellare
971 1937 1098 2020 licebit,
1124 1938 1182 2022 qui
1208 1944 1299 2023 post-

129 2073 262 2115 remum
285 2051 441 2116 Patroclo
457 2052 525 2115 fuit
544 2052 718 2136 perniciei,
742 2053 791 2117 ita
808 2059 846 2116 ut
861 2053 923 2116 hac
940 2053 1013 2138 ipsa
1029 2053 1179 2137 imagine
1195 2055 1300 2118 totius

130 2166 253 2232 Iliadis
277 2167 452 2232 conversio
477 2175 578 2252 atque
602 2166 784 2232 discrimen
808 2169 989 2234 manifesto
1013 2170 1231 2254 exprimatur.

238 2435 422 2501 Proxima
460 2435 502 2500 in
537 2457 636 2499 zona
673 2430 723 2519 [P]
770 2441 930 2520 quattuor
971 2437 1139 2522 imagines
1183 2438 1303 2523 digno·

129 2573 223 2615 scere
246 2572 437 2636 possumus:
473 2551 505 2615 A
534 2551 673 2615 sinistra
701 2559 797 2637 parte
821 2553 973 2618 Hector
995 2554 1220 2619 Menelaum
1254 2555 1301 2619 ab

128 2666 345 2752 Euphorbo
368 2667 516 2732 Panthoi
550 2666 621 2732 filio
656 2668 820 2753 repellere
856 2679 995 2734 conatur
1027 2671 1148 2754 (XVH,
1178 2674 1300 2753 6—11;

129 2784 278 2866 43-503
290 2785 446 2866 70-81);
471 2784 596 2848 deinde
611 2784 817 2849 Menelaus
834 2785 1061 2850 Patroclum
1079 2787 1301 2872 despoliatum

127 2896 223 2981 (450)
235 2900 461 2984 pugnantium
474 2922 493 2964 e
505 2900 603 2964 turba
619 2900 764 2965 retrahit
781 2902 873 2984 (551;
890 2904 977 2986 580);
999 2910 1082 2967 tunc
1095 2903 1300 2968 Menelaus

127 3024 164 3080 et
176 3015 376 3080 Meriones
394 3039 471 3080 eum
483 3018 642 3081 auferunt
656 3017 693 3081 in
711 3026 820 3082 castra
832 3018 1020 3102 (rra-35),
1044 3042 1153 3104 neque
1166 3042 1246 3084 vero
1258 3021 1300 3085 ad

127 3153 266 3197 currum
283 3133 418 3214 tollunt,
437 3132 602 3217 quomodo
619 3133 760 3197 Iahnius
773 3133 818 3218 (p.
832 3134 887 3216 18)
900 3143 934 3198 et
945 3136 1094 3199 Konstas
1107 3134 1152 3221 (p.
1167 3135 1223 3214 24)
1240 3158 1299 3220 pu-

127 3255 299 3332 taverunt,
319 3249 430 3332 quiea
447 3250 488 3313 de
505 3271 605 3314 causa
617 3250 750 3314 tabulae
763 3250 865 3314 fidem
882 3251 1179 3336 impugnaverunt.
1204 3253 1245 3316 In
1262 3275 1301 3317 ea

128 3364 247 3450 ectypi
262 3371 357 3449 parte
374 3364 519 3449 denique
536 3366 783 3430 immortales
808 3366 983 3431 Achillis
1008 3390 1128 3452 equos
1145 3368 1300 3433 videmus

129 3481 333 3565 exsculptos,
347 3481 405 3565 qui
417 3480 517 3546 initio
529 3482 677 3546 Patrocli
691 3488 832 3546 mortem
848 3484 1005 3567 lugentes
1017 3506 1127 3569 neque
1140 3485 1175 3549 vi
1191 3507 1301 3570 neque

128 3595 306 3662 blanditiis
330 3595 467 3661 deloco
492 3598 621 3662 moveri
644 3605 812 3683 poterant,
841 3598 900 3663 sed
924 3600 1005 3664 Iove
1034 3600 1214 3665 adhalante
1243 3601 1300 3665 de-

128 3735 221 3777 mum
261 3735 396 3777 currum
434 3735 525 3778 nuno
563 3713 628 3778 huc
666 3737 757 3779 nunc
797 3716 876 3780 illuc
914 3716 1085 3782 vehebant
1119 3717 1299 3799 (lat—413

129 3829 305 3908 455—68).
368 3829 620 3894 Automedon
657 3837 724 3895 stat
758 3831 794 3895 in
830 3827 973 3904 curru4⁷l
1007 3834 1098 3914 (459)
1133 3839 1168 3897 et
1190 3833 1300 3898 Alci-

129 3945 274 4010 medon
300 3945 331 4008 ei
356 3945 490 4010 obviam
515 3947 611 4010 venit
635 3946 737 4028 (466).
785 3947 874 4025 Quid
910 3949 1011 4032 ergo?
1046 3971 1113 4012 una
1149 3971 1301 4033 quaeque

128 4062 270 4126 huiusce
294 4082 399 4126 zonae
422 4063 535 4144 imago
557 4063 694 4127 Homeri
719 4063 761 4127 ad
784 4064 887 4129 verba
910 4065 1031 4128 referri
1055 4071 1175 4150 potest,
1201 4072 1300 4148 atque

237 4271 335 4333 47101.
356 4272 516 4338 Robertum,
535 4272 618 4329 Arch.
638 4274 723 4344 Zeitg.
745 4274 814 4328 1874
832 4293 858 4344 p.
880 4276 938 4340 107,
958 4277 1000 4327 34.
