2872 4912
599 263 839 328 -104-

128 453 251 528 posset,
277 442 506 508 Stesichorum
538 441 640 504 etiam
675 438 717 506 de
740 442 840 506 Latio
875 447 975 527 atque
999 441 1109 506 Roma
1135 461 1303 505 narrasse.

128 559 224 624 Nihil
247 560 354 643 igitur
376 580 460 643 opus
485 565 545 637 est,
574 557 724 622 virorum
755 558 906 622 omnium
931 557 1205 622 doctissimorum
1230 579 1304 642 per·

127 676 259 760 quirere
283 676 479 756 sententiae,
516 674 573 758 qui
601 672 642 737 de
670 674 803 757 origine
832 680 866 738 et
894 673 935 737 de
971 680 1081 737 aetate
1111 672 1304 739 fabularum

511 783 567 870 2η)
614 789 645 854 A
669 789 801 854 Miseno
831 791 972 855 Cumam
1000 810 1118 854 versus
1147 789 1304 854 ducimur

127 792 327 856 Latinarum
355 796 507 873 egerunt.

127 929 203 971 mea
241 907 410 994 opinione,
457 905 655 989 fabulasque
696 905 864 970 Cumanas
906 912 1042 991 poetam
1080 905 1305 971 Himeraeum

128 1029 278 1088 secutum
303 1044 374 1087 esse
398 1022 673 1085 existimaverim.

234 1138 512 1223 Ingeniosissimo
537 1137 675 1202 Carolus
697 1136 887 1202 Odofredus
910 1131 1116 1218 Muellerffi)
1141 1139 1304 1222 ostendit,

130 1255 296 1340 quomodo
321 1255 463 1319 Cumani
480 1254 591 1318 Italici
616 1254 834 1318 cohaererent
857 1276 933 1318 cum
957 1253 1107 1338 antiquis
1128 1254 1304 1319 Troianis:

130 1371 272 1436 Arctino
296 1377 383 1435 teste
406 1370 558 1434 Aeneam
583 1391 658 1434 eum
682 1369 834 1453 reliquiis
858 1370 972 1454 gentis
996 1370 1162 1434 Troianae
1186 1393 1232 1434 ex
1256 1371 1306 1435 in·

129 1487 249 1552 cendio
272 1485 365 1551 urbis
389 1486 426 1550 in
449 1486 545 1550 idam
570 1493 718 1549 montem
742 1485 929 1568 aufugisse;
959 1485 1158 1569 Gergithios
1187 1485 1241 1550 ibi
1265 1487 1307 1552 de

129 1603 267 1687 antiqua
282 1601 517 1666 Dardanorum
541 1601 646 1686 stirpe
669 1601 836 1684 originem
852 1609 1018 1687 repetere:
1044 1600 1308 1687 Gergithiorum

128 1725 259 1805 partem
287 1717 465 1782 devenisse
493 1717 529 1780 in
555 1717 736 1782 Cumaeam
760 1718 904 1781 Aeolum
928 1717 1043 1802 ibique
1071 1740 1202 1803 pagum
1228 1742 1308 1785 con·

129 1835 256 1899 didisse
271 1834 381 1919 patrio
398 1833 522 1919 oppido
540 1833 790 1916 cognominem
808 1833 932 1898 Cumas
950 1833 1095 1919 denique
1113 1834 1309 1920 Campanas

129 1950 329 2015 aCumaeis
353 1949 505 2014 conditas
530 1971 611 2013 esse.
660 1949 770 2026 Quare
798 1949 892 2014 laoili
915 1950 1061 2015 transitu
1085 1950 1241 2016 fabulam
1267 1952 1309 2017 de

128 2068 245 2131 Aenea
272 2066 360 2143 novi
381 2066 479 2150 regni
507 2064 681 2130 conditore
713 2064 755 2128 ad
779 2065 900 2130 Italiae
925 2066 1095 2131 Cumanos
1122 2069 1309 2152 pervenire

129 2203 319 2268 novamque
352 2183 495 2246 formam
532 2180 671 2245 induere
701 2181 861 2266 potuisse.
909 2182 1002 2247 Haec
1025 2181 1169 2248 Mueller
1199 2185 1308 2270 expli·

130 2299 230 2363 cavit.
267 2298 432 2375 Quoniam
449 2303 562 2361 autem
586 2319 604 2360 e
627 2297 743 2361 multis
761 2296 897 2362 Aeneae
921 2298 1021 2362 sociis
1045 2297 1162 2364 tabula
1179 2300 1308 2365 Miseni

129 2415 344 2501 potissimum
364 2435 488 2478 nomen
511 2412 673 2498 prodidit,
697 2413 850 2477 consulto
871 2435 963 2477 oram
979 2414 1099 2478 Italiae
1117 2415 1307 2481 Cumanam

130 2530 274 2595 indicari
303 2529 501 2610 existimem,
539 2550 604 2613 qua
632 2551 668 2593 re
700 2528 907 2612 ostendatur,
942 2529 1127 2596 Stesichori
1156 2530 1196 2594 in
1224 2532 1307 2597 Iliu-

129 2645 264 2732 perside
281 2646 429 2710 Aeneam
454 2646 490 2709 in
515 2645 681 2709 erroribus
706 2645 776 2709 suis
800 2645 966 2730 usquead
989 2646 1080 2711 hunc
1103 2647 1177 2711 fere
1193 2649 1306 2714 locum

129 2762 336 2848 pervenisse.

237 2878 309 2942 Iam
333 2899 412 2941 vero
429 2877 616 2962 Scaliger
632 2876 677 2962 (p.
691 2877 844 2961 33—34),
869 2877 1058 2942 Friclrius
1082 2877 1129 2964 (p.
1148 2881 1306 2964 19—20),

128 2994 346 3058 Nissenius
380 2997 425 3078 lp.
447 2993 536 3076 379),
575 2994 752 3057 Konstas
788 2992 832 3078 (p.
860 2995 1001 3068 66-69)
1037 2995 1306 3061 offenderunt

129 3110 278 3174 Miseni
302 3110 343 3173 in
366 3132 550 3193 persona.
597 3109 773 3174 Strabonis
797 3115 911 3173 extare
934 3110 1179 3194 testimonium,
1206 3113 1306 3178 aCu·

129 3226 238 3290 manis
275 3234 309 3289 et
332 3227 454 3290 Baium
479 3233 513 3288 et
536 3226 706 3289 Misenum
730 3225 842 3291 Ulixis
867 3225 974 3290 socios
997 3225 1132 3290 habitos
1156 3223 1305 3308 esse2¹⁹),

130 3363 240 3425 neque
263 3341 333 3405 ullo
357 3341 456 3405 modo
480 3340 555 3404 fieri
578 3341 738 3426 potuisse,
776 3349 816 3406 ut
838 3341 1051 3406 Stesichorus
1086 3343 1242 3408 fabulam
1266 3345 1306 3410 de

128 3458 261 3522 Miseno
296 3456 385 3521 socio
409 3456 546 3521 Aeneae
582 3479 601 3520 a
637 3457 797 3520 Cumanis
835 3458 1014 3542 acceperit.
1052 3493 1093 3502 -
1133 3459 1304 3544 Concedo,

237 3666 300 3734 217)
331 3666 460 3720 Conferas
491 3666 541 3719 has
571 3666 826 3719 commentationes:
855 3667 887 3719 E.
908 3667 1045 3732 Woerner,
1073 3666 1099 3720 d.
1129 3668 1202 3740 Sage
1232 3689 1258 3724 v.
1280 3671 1305 3724 d.

130 3756 342 3825 Wanderungen
361 3755 387 3808 d.
407 3756 521 3813 Aeneas.
541 3756 630 3826 Leipz.
650 3755 752 3823 Gymn.
772 3755 848 3825 Prgr.
870 3757 950 3820 1882;
980 3757 1012 3809 F.
1032 3756 1130 3822 Cauer,
1159 3759 1187 3812 d.
1208 3760 1303 3815 Roem.

130 3847 301 3914 Aeneassage
329 3861 382 3898 von
411 3845 532 3898 Naevius
561 3845 604 3897 bis
623 3845 725 3914 Vergil,
753 3844 869 3898 Jahrhh.
888 3846 908 3898 f.
927 3846 960 3898 ol.
980 3845 1050 3902 Phil.
1080 3846 1160 3913 1886,
1190 3850 1305 3922 Supplh.

130 3936 208 3999 XV.;
237 3935 272 3989 G.
292 3935 399 4002 Heyne,
418 3952 474 3987 exe.
494 3934 568 3986 XXI
587 3934 622 3986 ad
642 3935 724 4003 Verg.
744 3935 811 3987 Aen.
832 3935 858 3986 I:
879 3935 921 3987 De
933 3935 1045 4003 antiquo
1063 3935 1163 3990 ltaliae
1182 3940 1305 4004 nomine;

130 4042 186 4077 exc.
206 4024 275 4076 XV:
295 4023 448 4077 Praedictio
472 4023 563 4076 aditus
583 4024 731 4092 Hesperiae
749 4023 872 4076 obscura.
892 4057 924 4062 -
957 4025 1020 4092 218)
1039 4024 1172 4079 Classical
1190 4028 1306 4082 Journal

130 4114 242 4178 XXVI,
264 4113 339 4177 1822,
368 4131 393 4184 p.
414 4113 545 4167 sos-18.
574 4113 680 4166 Criseos
709 4112 908 4182 mythologieae
939 4113 1088 4183 specimen:
1120 4115 1306 4188 Explicantur

129 4221 227 4256 causae
244 4203 354 4256 fabulae
372 4202 405 4255 de
424 4203 532 4255 Aeneae
551 4203 579 4254 in
599 4203 708 4255 Italiam
727 4202 855 4255 adventu.
867 4235 898 4241 —
910 4203 973 4273 219)
995 4202 1095 4256 Strabo
1114 4204 1138 4269 I,
1161 4208 1204 4272 18,
1224 4226 1253 4287 p.
1263 4209 1306 4272 ‘26;

130 4293 167 4358 V,
185 4293 210 4356 6,
229 4309 255 4363 p.
275 4293 326 4346 245
346 4309 368 4346 e.
388 4291 471 4346 schol.
