2872 4912
603 260 821 322 --91-

127 445 338 503 commutare
367 439 491 524 potuit;
525 439 616 502 intra
650 438 710 502 has
744 446 857 523 partes
892 449 1004 505 autem
1037 440 1159 505 artifici
1193 441 1299 523 licuit,

128 554 344 638 singularum
396 555 579 638 figurarum
632 555 901 639 complexionem
953 557 1058 621 libere
1110 557 1299 642 disponere,

129 671 291 755 quoniam
331 671 393 735 hac
429 671 564 734 demum
600 671 636 735 in
670 693 706 734 re
744 671 827 735 artis
861 672 1012 756 poeticae
1046 680 1080 736 et
1111 673 1300 757 sculpturae

129 787 224 870 leges
248 787 338 851 inter
361 810 396 851 se
421 786 593 851 differunt.
641 787 741 851 Certo
771 788 895 851 artifex
924 786 960 851 id
992 788 1160 874 respicere
1189 788 1300 873 debet,

130 909 170 967 ut
194 903 348 987 singulae
371 910 485 989 partes
510 894 670 986 imaginis
693 903 759 967 sibi
779 902 1015 987 respondeant,
1041 913 1142 989 atque
1166 928 1300 990 operam

131 1018 212 1082 dare
240 1041 351 1084 rerum
376 1019 600 1084 concinnitati
624 1019 962 1103 oongmentiaequae.
999 1019 1212 1085 Schreiber
1228 1022 1300 1107 ipse

132 1156 203 1199 non
230 1136 382 1219 negavit,
419 1136 584 1199 artificem
621 1157 720 1220 quam
756 1135 903 1199 maxime
939 1135 1124 1201 Stesichori
1153 1137 1302 1202 carmina

131 1257 286 1315 secutum
321 1274 403 1335 esse,
441 1251 500 1315 sed
533 1251 646 1336 paullo
681 1251 825 1314 inferius
856 1273 873 1314 e
910 1250 1044 1316 tabulae
1080 1252 1301 1340 dispositione

131 1375 166 1432 et
200 1367 429 1432 concinnitate
458 1389 572 1431 rursus
607 1367 783 1450 conclusit,
818 1375 1056 1451 argumentum
1090 1370 1300 1454 propositum

129 1483 173 1547 ab
197 1483 327 1548 artifice
343 1483 449 1549 libere
474 1506 546 1547 esse
562 1489 755 1566 tractatum,
779 1485 923 1548 fortasse
940 1484 1043 1549 etiam
1060 1493 1301 1550 commutatum

131 1606 235 1684 atque
259 1601 476 1685 completum.
524 1599 592 1664 Sed
621 1606 692 1663 tarn
721 1599 893 1684 copiosum
917 1601 990 1664 sine
1015 1601 1116 1666 dubio
1140 1602 1302 1684 sculptori

128 1721 370 1799 argumentum
405 1714 654 1800 suppeditabat,
691 1723 729 1780 ut
764 1738 782 1778 e
817 1716 917 1780 rebus
957 1717 1139 1802 propositis
1175 1717 1300 1802 eligere

127 1831 245 1917 potius
262 1832 294 1895 ei
310 1854 394 1917 opus
411 1839 509 1914 esset,
536 1854 620 1916 quae
637 1831 743 1915 digna
767 1838 881 1896 essent
904 1840 975 1896 arte
1000 1855 1117 1898 sua-
1135 1833 1300 1918 quomodo

128 1948 168 2012 in
192 1948 332 2012 Homeri
356 1947 463 2012 Iliade
486 1949 614 2012 factum
632 1955 683 2012 est
700 1971 855 2032 —quam
879 1955 1116 2032 argumentum
1133 1951 1301 2035 complere

127 2063 275 2128 libidine
304 2064 520 2149 cogitationis
554 2085 643 2128 suae.
694 2064 840 2128 Iliadis
875 2064 1073 2148 imagines
1107 2064 1209 2129 baud
1243 2065 1301 2130 ita

130 2180 367 2266 discrepare
391 2180 436 2244 ab
453 2181 625 2244 Homero
650 2180 691 2243 in
715 2179 868 2263 tabula,
893 2181 997 2244 satis
1024 2203 1142 2266 supra
1166 2188 1300 2246 osten-

129 2296 240 2360 disse
263 2296 363 2361 mihi
386 2295 542 2378 videor3
572 2296 749 2360 Konstas
778 2303 890 2359 autern
916 2295 963 2381 (p.
990 2295 1131 2378 15-32)
1160 2297 1196 2362 in
1224 2320 1301 2361 eum
1360 2314 1363 2319 ·

129 2434 277 2477 errorem
305 2413 441 2478 videtur
469 2412 554 2476 mihi
582 2411 752 2495 incidisse,
788 2419 827 2476 ut
856 2412 1012 2477 omnibus
1040 2413 1158 2478 rebus
1187 2436 1300 2498 prae·

129 2529 252 2593 claris
288 2552 334 2594 ex
361 2529 493 2594 Iliade
522 2528 727 2614 excerptis
756 2529 974 2612 plurimam
1002 2539 1158 2615 partem
1186 2551 1301 2594 earum

128 2646 176 2710 in
198 2644 336 2710 tabula
359 2645 581 2710 desideret.
623 2644 790 2725 Concedo,
814 2645 922 2710 multa
945 2645 1172 2711 illustratione
1197 2646 1301 2729 digna

129 2760 256 2826 omissa
279 2784 363 2845 esse,
393 2761 453 2826 sed
476 2761 663 2826 carminum
693 2768 845 2826 tenorem
874 2761 915 2825 ab
946 2761 1075 2825 artifice
1103 2763 1216 2848 lepide
1245 2785 1300 2826 ex·

128 2877 282 2964 positum
317 2899 390 2942 esse
423 2899 523 2943 nemo
558 2876 776 2958 infitiabitur;
812 2900 855 2942 ne
889 2879 1040 2942 Konstas
1074 2876 1120 2964 (p.
1157 2881 1299 2956 39-41)

130 2993 270 3078 quidem
315 2995 466 3079 negavit,
519 2994 800 3079 compositionem
847 2994 1153 3058 consideratissime
1200 3002 1300 3079 atque

127 3132 263 3174 summa
299 3117 372 3176 arte
411 3133 483 3176 esse
521 3112 656 3189 factam,
704 3110 762 3175 sed
804 3109 927 3191 docuit,
968 3111 1107 3174 tabula
1145 3111 1302 3196 optime

130 3248 263 3290 rerum
301 3227 444 3290 seriem
483 3227 796 3312 repraesentari.
854 3225 938 3300 Quis
977 3248 1057 3290 vero
1095 3227 1136 3291 ab
1172 3227 1300 3291 artifice

130 3343 302 3427 sculptore
329 3343 524 3428 postulabit,
559 3349 598 3408 ut
626 3365 731 3407 unum
762 3364 928 3427 quemque
957 3341 1092 3406 heroem
1120 3343 1156 3407 in
1184 3343 1301 3407 eadem

129 3458 301 3544 positione
336 3460 520 3544 exsculpat,
558 3481 622 3543 qua
657 3459 826 3523 Homerus
862 3481 936 3523 eum
968 3458 1166 3542 descripsit?
1216 3460 1301 3524 aliae

130 3582 213 3639 sunt
236 3575 329 3658 leges
352 3582 482 3662 poetae,
507 3576 592 3639 aliae
616 3575 814 3659 sculptoris!
851 3573 947 3650 Quod
971 3574 1095 3637 attinet
1119 3574 1242 3639 deinde
1258 3576 1300 3639 ad

130 3691 380 3777 Iliupersidem,
405 3713 457 3756 res
482 3701 535 3755 est
554 3691 717 3756 facillima
742 3692 770 3754 si
795 3713 870 3755 cum
888 3689 1059 3773 Seeligero
1083 3687 1129 3775 (p.
1154 3692 1206 3767 32)
1224 3713 1301 3755 con-

131 3807 263 3890 tendaS,
292 3829 408 3872 omnes
437 3829 597 3892 personas
621 3807 902 3892 inscriptionibus
925 3827 994 3870 non
1019 3805 1235 3890 significatae,
1266 3808 1302 3872 in

132 3924 255 4008 quibus
269 3931 359 3988 certa
375 3924 665 4008 interpretationis
679 3929 877 4008 argumenta
894 3921 1054 3986 videntur
1067 3923 1183 3986 deesse
1206 3959 1246 3965 —
1265 3946 1302 3986 ac

131 4064 176 4105 116
205 4063 337 4124 semper
354 4039 490 4124 quidem
516 4041 632 4105 deesse
646 4063 684 4103 ea
696 4039 897 4126 putaverim,
917 4077 955 4085 -
975 4062 994 4101 a
1010 4039 1179 4122 sculptore
1196 4039 1301 4102 intro-

133 4156 253 4220 ductas
277 4164 312 4219 et
334 4155 431 4219 fictas
448 4178 521 4220 esse
538 4157 639 4238 spatii
664 4155 803 4239 pulchro
826 4161 859 4217 et
883 4176 987 4238 aequo
1001 4154 1099 4218 modo
1112 4154 1302 4239 complendi

131 4294 240 4344 causa.
276 4272 331 4344 Ad
350 4295 450 4364 quarn
468 4272 652 4359 figurarum
670 4271 935 4363 complexionem
948 4271 1100 4361 Seeliger
1115 4271 1300 4358 annotavit,
