2872 4912
617 255 837 318 ..39-

142 438 179 495 et
203 430 283 516 equi
307 431 465 516 apposuit
488 430 531 496 ad
554 432 688 497 alveum
715 432 765 497 vir
788 432 907 498 habitu
930 454 1035 518 prono
1070 440 1104 497 et
1139 433 1316 499 incurvato

142 546 281 611 brevem
299 554 412 632 gestat
428 547 623 630 interulam;
648 555 750 634 caput
766 556 818 614 est
840 550 1043 634 inopertum.
1070 586 1109 594 -
1135 550 1315 635 Sequentis

87 700 91 708 ·
141 662 235 746 paris
246 662 302 727 vir
312 663 396 728 alter
406 664 500 728 iuxta
511 687 601 728 aram
619 665 769 751 relapsus
782 665 920 730 sinistra
936 688 1039 730 manu
1054 688 1146 730 aram
1160 665 1313 750 corripit;

143 778 272 863 dextra,
286 801 371 864 qnae
382 778 514 844 hastam
527 780 594 844 iam
608 787 711 864 tenet,
725 781 847 847 nititur
859 782 942 862 solo;
956 781 1092 867 plagam
1105 782 1249 867 accipiet
1259 805 1314 847 ex·-

142 903 285 960 tremam
298 896 435 960 amilite
447 895 601 981 quodam,
615 897 673 981 qui
683 897 774 961 haud
785 898 864 980 scie,
875 920 917 961 an
929 897 1067 961 sinistra
1077 920 1154 962 eum
1165 898 1314 964 crinibus

141 1011 456 1096 proripiat;‚dextra
469 1013 621 1096 iugulare
635 1035 711 1077 eum
721 1020 871 1078 conatur.
907 1014 1017 1078 Homo
1031 1014 1140 1078 victor
1153 1015 1190 1078 in
1202 1015 1313 1100 capite

141 1126 333 1212 Phrygium
355 1129 445 1212 gerit
472 1129 610 1214 pileum,
640 1129 735 1194 cuius
764 1152 889 1214 pronus
913 1153 998 1215 apex
1023 1131 1245 1214 cognoscitur.
1272 1168 1312 1177 —

139 1244 173 1307 Α
197 1243 295 1308 laeva
322 1267 399 1310 arae
427 1256 523 1330 parte
551 1246 606 1310 vir
633 1267 720 1310 unus
749 1245 878 1311 duobus
907 1245 1109 1311 adversariis
1139 1248 1313 1331 oppositus

140 1366 202 1442 est,
236 1382 379 1445 quorum
411 1362 497 1426 alter
529 1362 733 1432 vestimento
768 1363 910 1427 amictus
941 1363 1106 1448 promisso
1135 1364 1313 1429 collabitur

139 1477 334 1562 resupinum
359 1476 479 1542 dextra
502 1478 573 1542 solo
597 1477 729 1560 nititur,
755 1478 852 1543 laeva
876 1479 1023 1564 clipeum
1044 1478 1103 1544 vix
1126 1479 1310 1563 protendit.

140 1591 251 1677 Supra
279 1592 369 1658 hunc
401 1594 487 1658 alter
519 1594 731 1658 adversarius
755 1594 901 1680 clipeum
924 1594 1067 1680 proiecit
1090 1602 1190 1679 atque
1213 1596 1250 1659 in
1274 1618 1312 1660 eo

140 1715 201 1790 est,
232 1715 270 1773 ut
298 1709 417 1774 dextra
440 1709 573 1774 sublata
605 1710 737 1774 hastam
771 1711 917 1775 coniciat
945 1711 982 1774 in
1015 1710 1160 1775 militem
1189 1712 1312 1776 acriter

139 1825 340 1906 instantem3
379 1833 481 1911 caput
505 1826 577 1890 eius
601 1850 661 1912 per
683 1827 850 1892 laesiones
882 1827 1016 1891 tabulae
1052 1829 1210 1911 cognosci
1243 1851 1310 1892 non

138 1949 261 2026 potest.
309 1943 376 2007 Hic
393 1943 446 2008 vir
466 1944 590 2007 acriter
605 1943 737 2008 instans
753 1943 862 2029 clipeo
886 1950 1036 2008 armatus
1053 1950 1103 2008 est
1128 1952 1161 2008 et
1185 1943 1309 2028 gladio,

139 2058 234 2122 ouius
265 2058 396 2123 balteus
420 2059 522 2123 etiam
551 2059 733 2123 manifesto
761 2061 979 2144 cognoscitur
1001 2060 1038 2124 in
1062 2067 1169 2144 tergo,
1216 2061 1310 2125 Inter

137 2174 284 2258 clipeum
322 2184 356 2240 et
388 2176 519 2259 galeam
557 2176 668 2260 cuspis
706 2176 876 2260 prominet
912 2175 1039 2258 hastae,
1081 2199 1146 2260 qua
1179 2176 1310 2240 hostem

135 2291 365 2356 transfixurus
400 2298 462 2356 est.
521 2292 607 2356 Tota
642 2292 724 2355 haec
759 2313 902 2376 persona
922 2292 1067 2356 maxime
1102 2300 1154 2356 est
1189 2293 1311 2358 idonea

134 2405 178 2470 ad
218 2407 421 2472 refellendas
459 2407 648 2472 sententias
686 2427 811 2490 eorum,
857 2407 915 2491 qui
956 2414 1118 2493 ectypum
1155 2415 1308 2474 nostrum

133 2544 205 2587 non
234 2525 423 2607 perfectum
457 2545 529 2588 esse
561 2522 806 2588 iudicaverunt.
833 2560 874 2566 —
899 2524 1010 2610 Prope
1044 2524 1148 2589 finem
1184 2526 1308 2590 deinde

133 2640 288 2724 porticus
313 2641 410 2704 miles
440 2640 611 2704 hominem
639 2640 740 2723 plane
764 2639 893 2704 nudum
922 2647 1023 2725 atque
1051 2642 1216 2706 inermem
1245 2642 1307 2706 ori-

134 2755 237 2820 nibus
260 2757 408 2839 revellit;
433 2756 470 2820 in
494 2778 605 2840 genua
629 2755 804 2840 prolapsus
833 2756 889 2820 hic
918 2780 1020 2821 manu
1048 2764 1189 2842 utraque
1213 2757 1306 2822 brac-

134 2870 250 2935 chium
267 2873 430 2956 corripuit
446 2872 564 2953 hostia,
589 2872 648 2956 qui
664 2871 789 2936 leviter
804 2872 953 2937 intuenti
970 2873 1099 2958 pileum
1115 2873 1306 2957 Phrygium

130 2986 272 3052 videtur
295 2994 438 3072 gestare,
463 3002 516 3052 est
539 2987 630 3052 enim
647 2988 750 3052 cassis
773 2989 920 3052 afronte
937 2989 1123 3073 exsculpta3
1150 2989 1307 3054 dextrum

131 3102 207 3166 eius
235 3101 430 3168 bracchium
465 3104 649 3168 demissum
677 3103 815 3168 videtur
850 3105 978 3187 testari,
1016 3104 1057 3168 de
1093 3104 1194 3169 caede
1229 3127 1306 3170 aum

130 3219 309 3285 desistere.

241 3337 271 3400 Ε
295 3358 426 3400 summa
449 3359 539 3401 nunc
563 3359 638 3400 arce
661 3335 903 3400 descendamus
927 3337 970 3400 in
986 3336 1138 3420 regiam
1155 3337 1305 3402 Priami

129 3451 319 3538 porticibus
354 3453 529 3516 inclusam.
588 3453 698 3535 Regia
733 3453 769 3516 in
803 3453 880 3515 aula
913 3453 1156 3538 Neoptolemus
1189 3454 1304 3538 gladio

131 3568 251 3633 stricto
277 3568 451 3634 Priamum
483 3568 688 3652 aggrediens
716 3567 837 3653 pedem
870 3568 1047 3633 sinistrum
1082 3568 1202 3634 femori
1231 3570 1303 3634 eius

131 3683 313 3771 imposuit
364 3685 520 3749 Priamus
555 3682 673 3766 tiara*)
697 3694 834 3749 ornatus
871 3707 947 3748 arae
983 3685 1136 3750 insidens
1171 3686 1303 3750 hostem

130 3799 289 3866 manibus
317 3800 504 3865 inermibus
536 3800 719 3885 reprimere
752 3800 810 3865 vix
840 3807 986 3866 conatur.
1042 3800 1134 3877 Quae
1162 3802 1303 3866 alteram

128 3940 206 3982 arae
230 3921 363 4002 partem
388 3917 566 4002 occupavit
591 3917 768 3980 mulierem
792 3916 909 3980 statim
933 3916 1108 3982 Hecubam
1132 3917 1302 4002 appellare

128 4034 228 4100 nobis
252 4032 384 4114 licebit;
413 4039 557 4118 utroque
582 4032 737 4097 bracchio
761 4033 890 4097 Priami
914 4033 1038 4098 collum
1062 4033 1216 4118 amplexa
1240 4040 1301 4116 est,

236 4280 266 4346 a)
285 4277 469 4333 Rossbachius
489 4278 558 4333 vidit
576 4278 674 4332 tiaram
693 4278 776 4332 etiam
794 4279 870 4332 vittis
888 4278 1023 4348 regalibus
1042 4283 1167 4332 omatam
1186 4296 1250 4334 csse.
