2872 4912
612 261 831 326 ..44-

132 437 205 502 aius
245 438 352 502 lineas
396 439 540 524 praebet
583 436 772 520 incertas.*)
813 474 852 484 -
900 437 1091 502 Cassandra
1134 436 1307 520 superiore

132 556 281 638 corporis
305 560 400 639 parte
424 555 601 620 incurvata
625 562 727 641 caput
751 556 869 619 dextra
889 561 997 637 tenet,
1021 554 1102 618 ulna
1118 554 1243 618 femori
1260 563 1307 617 est

132 671 300 756 imposita.
325 707 366 713 -
392 671 543 735 Helenus
567 679 701 756 praeter
723 672 851 757 pileum
875 670 961 735 nihil
986 676 1137 734 autnon
1161 670 1306 733 multum

132 786 271 850 indutus
308 785 461 850 habitum
502 787 652 851 ostendit
694 787 807 851 minus
853 792 1019 851 maestum
1060 808 1161 870 quam
1204 786 1307 849 ceteri

133 902 271 986 captivi,
296 903 400 986 quasi,
426 925 644 988 quaecunque
660 902 825 984 accident,
850 925 956 987 aequo
974 903 1087 967 animo
1104 901 1149 966 sit
1165 902 1306 965 laturus.

132 1017 253 1081 Manus
292 1025 350 1082 aut
388 1020 424 1082 in
462 1019 629 1102 gremium
672 1019 803 1083 remisit
844 1026 902 1083 aut
941 1018 1059 1082 dextro
1097 1018 1204 1100 genui
1248 1018 1307 1081 cir·

135 1133 310 1197 cumdedit
344 1134 500 1199 similiter
528 1147 629 1219 atque
653 1135 744 1199 Mars
768 1135 826 1198 ille
849 1134 1110 1200 Ludovisianus.
1157 1133 1200 1198 In
1224 1135 1308 1198 Fec-

135 1248 237 1312 dorea
253 1249 403 1334 imagine
420 1257 565 1315 erratum
584 1259 644 1316 est.
658 1285 699 1295 -
712 1251 767 1316 Ab
784 1251 890 1315 altera
901 1257 997 1335 parte
1011 1249 1156 1335 sepulcri
1169 1250 1310 1314 Hecuba

136 1372 171 1428 et
204 1366 380 1450 Polyxena
418 1373 510 1431 stant
549 1375 622 1432 arte
657 1367 870 1444 coniunctae;
906 1372 1014 1430 mater
1041 1375 1143 1450 caput
1172 1366 1309 1450 paulum

135 1481 296 1564 deflectit,
325 1483 498 1568 Polyxena
525 1485 715 1548 osculatura
742 1482 777 1547 id
806 1483 923 1547 dextra
950 1504 1052 1546 manu
1080 1481 1239 1566 capessit.
1269 1517 1309 1525 —

134 1597 374 1662 Andromache
398 1597 521 1662 deinde
544 1599 704 1683 gradibus
728 1598 855 1663 insidet
871 1599 989 1663 eodem
1010 1599 1082 1662 fere
1099 1597 1220 1662 habitu
1246 1620 1309 1683 quo

135 1713 332 1778 Cassandra.
357 1751 398 1758 -
422 1715 575 1780 Helenus
604 1716 749 1801 denique
784 1715 893 1799 magis
922 1716 995 1779 sine
1024 1713 1126 1779 dublo
1163 1715 1309 1778 vestitus

133 1851 233 1913 quam
268 1836 369 1894 antea
408 1853 484 1894 oum
516 1832 617 1898 Ulixe
652 1832 863 1916 colloquitur,
908 1831 966 1916 qui
1001 1831 1116 1895 tunica
1151 1831 1309 1916 pileoque

133 1954 311 2010 nautarum
339 1946 478 2011 indutus
508 1953 587 2012 ante
611 1970 688 2012 eum
715 1954 784 2012 stat
812 1954 846 2011 et
874 1969 993 2033 corpus
1022 1947 1186 2029 deflectit,
1212 1948 1309 2011 laeva

132 2067 266 2144 gestum
301 2063 384 2146 agit,
419 2063 515 2148 quasi
539 2064 671 2128 Heleno
706 2063 835 2148 aliquid
869 2063 1010 2148 probaro
1045 2063 1144 2145 velit,
1182 2063 1308 2127 Heleni

134 2184 235 2262 caput
258 2186 310 2242 est
333 2179 536 2243 mutilatum.

239 2294 355 2380 Ipsum
379 2295 443 2360 hoo
467 2296 625 2360 Hectoris
649 2297 840 2382 sepulcrum
876 2303 910 2360 et
937 2295 1096 2361 universa
1119 2295 1307 2378 figurarum

134 2409 311 2495 dispositio
346 2411 431 2476 miro
461 2411 605 2496 quodam
634 2411 734 2477 modo
757 2412 976 2476 consentiunt
999 2433 1074 2476 oum
1099 2411 1308 2496 sarcophago

132 2525 191 2590 illo
213 2527 405 2610 lugentium
429 2529 609 2592 mulierum
633 2551 741 2613 nuper
764 2522 960 2610 invent070),
997 2528 1079 2612 quin
1109 2527 1217 2591 etiam
1240 2527 1308 2592 sin·

133 2642 289 2726 gularum
305 2666 522 2727 personarum
540 2682 580 2689 -
593 2645 778 2729 Talthyhii,
795 2643 1060 2726 Andromaches,
1086 2643 1308 2725 Cassandrae,

133 2757 267 2840 Heleni,
292 2759 402 2824 Ulixis
421 2797 460 2804 -
478 2761 623 2844 habitus,
648 2761 765 2844 vestie,
783 2769 899 2845 gestus
916 2761 1001 2824 etin
1019 2759 1139 2824 XVIII
1156 2760 1308 2824 mulieri-

136 2873 198 2937 bus
223 2874 419 2958 lugentibus
443 2877 511 2942 illis
536 2880 629 2941 etin
653 2878 695 2942 iis
720 2877 873 2962 personis
896 2877 1122 2962 reperiuntur,
1157 2897 1245 2959 quae
1273 2876 1310 2940 in

133 2996 276 3075 utroque
299 2993 498 3077 sarcophagi
522 3001 686 3080 tympano
710 3001 790 3058 sunt
814 2993 1017 3078 exsculptae,
1055 2998 1088 3055 et
1112 2992 1149 3056 in
1183 2991 1307 3056 iisdem

128 3107 276 3190 operculi
315 3130 411 3172 arcae
449 3109 601 3195 impositi
633 3110 787 3196 partibus
822 3109 986 3174 orientem
1022 3115 1056 3171 et
1092 3107 1307 3173 occidentem

127 3244 243 3286 versus
279 3225 522 3309 spectantibus.
587 3225 756 3303 Quoniam
794 3231 908 3290 autem
943 3223 1189 3309 sarcophagum
1224 3225 1307 3289 Rei-

131 3339 272 3403 nachius
297 3347 331 3403 et
355 3341 412 3405 alii
436 3350 554 3426 quarto
578 3344 711 3407 saeculo
727 3343 800 3407 iure
817 3341 978 3406 videntur
994 3340 1155 3422 tribuere,
1180 3339 1308 3404 deinde

129 3455 207 3538 quia
223 3456 332 3520 forma
348 3458 501 3543 ratioque
518 3459 621 3523 etiam
634 3460 772 3524 alterius
788 3457 973 3541 fragmenti
988 3455 1182 3540 sepulcralis
1197 3456 1306 3521 Athe·

128 3571 182 3635 nis
208 3567 394 3655 inventiu),
419 3575 509 3658 quod
533 3576 662 3640 similes
685 3575 824 3660 praebet
848 3574 1026 3638 mulierum
1043 3571 1243 3657 positiones,
1271 3574 1307 3638 in

128 3693 285 3771 quartum
309 3690 480 3754 saeculum
503 3692 681 3755 referenda
704 3698 765 3772 est,
801 3690 889 3774 quod
924 3689 1060 3754 ordines
1084 3686 1233 3773 denique
1258 3696 1308 3754 ta·

246 3925 269 3992 *l
289 3925 459 3982 Rossbachio
479 3934 589 3982 auctore
602 3927 796 3981 Andromache
814 3926 948 3980 infantem
960 3942 1016 3978 non
1031 3929 1113 3989 tenet,
1132 3924 1180 3977 aad
1194 3927 1308 3982 sinistro

129 4014 256 4069 bracchio
274 4015 378 4069 inflexo
397 4025 480 4087 caput
497 4018 584 4082 fulsit,
603 4017 731 4070 doxtrum
749 4016 907 4069 bracchium
925 4015 1027 4085 gremio
1045 4015 1185 4083 imposuit.

235 4104 278 4170 to)
299 4103 331 4157 0.
352 4106 467 4175 Hamdy
486 4107 543 4175 Bey
570 4112 596 4160 et
614 4106 716 4159 Thood.
732 4105 863 4170 Rcinach,
891 4104 1042 4175 Necropole
1062 4103 1078 4155 a
1099 4102 1196 4169 Sidon,
1227 4106 1308 4160 Paris

129 4198 254 4268 189'2s93,
273 4218 301 4268 p.
322 4199 453 4250 ses-71.
466 4228 495 4235 —
518 4197 562 4264 71)
582 4196 708 4262 Wolters
727 4195 855 4264 Mitteilg.
875 4194 901 4248 d.
921 4194 994 4249 arch.
1014 4194 1082 4247 Iust.
1103 4192 1206 4260 Athen,
1229 4197 1310 4262 1893,

126 4307 153 4360 a·
175 4292 188 4341 1
209 4305 266 4359 saa·
