2872 4912
711 268 908 336 -52-

221 446 268 516 fit.
299 452 398 516 Nunc
423 451 480 514 ille
505 457 691 514 ceterarum
716 450 928 536 captivarum¹
952 449 993 514 de
1009 451 1147 514 fortuna
1164 472 1239 514 cum
1259 449 1387 514 Heleno

221 567 432 651 colloquitur,
469 567 528 651 qui
563 566 691 630 Priami
726 566 952 650 Hecubaeque
990 566 1081 630 filius
1121 566 1204 630 miro
1244 565 1386 650 quodam

220 683 320 747 modo
358 683 410 747 bis
449 682 608 747 Hectoris
646 683 681 747 11
721 682 875 767 sepulcro
916 683 1072 766 depictus
1108 690 1168 765 est,
1211 683 1308 745 cuius
1342 681 1385 744 rei

221 821 338 863 causas
364 799 519 863 invenire
543 819 612 863 non
636 799 741 883 potui.
790 798 887 875 Quod
915 798 1004 884 apud
1030 799 1240 882 Seeligerum
1266 798 1311 882 (p.
1336 799 1384 876 39)

220 916 324 978 semel
341 915 472 978 Helena
488 914 663 978 nominata
679 920 731 978 est
747 937 851 1000 prope
869 914 1093 978 Cassandram
1110 914 1240 995 sedens,
1258 914 1383 999 lapsum

220 1030 340 1094 calami
374 1037 434 1094 aut
472 1030 678 1116 typographi
714 1029 915 1095 crediderim
955 1030 1141 1115 irrepsisse.
1204 1030 1245 1093 In
1286 1030 1384 1093 altera

219 1146 365 1232 sepulcri
399 1152 495 1232 parte
531 1147 708 1210 Helenus
744 1147 832 1211 nihil
866 1155 925 1211 aut
959 1169 1029 1211 non
1064 1146 1209 1211 multum
1249 1145 1383 1210 indutus

218 1284 326 1346 aequo
351 1263 477 1327 assidet
501 1263 622 1344 anime,
663 1263 700 1325 in
737 1263 842 1326 alt-era
877 1269 972 1346 parte
1000 1270 1095 1328 ueste
1124 1263 1257 1326 velatus
1287 1263 1384 1327 verba

217 1379 301 1442 facit
324 1401 400 1442 cum
422 1379 533 1445 Ulixe.
582 1377 749 1454 Quoniam
781 1390 890 1442 autern
920 1379 977 1443 Ilii
1006 1378 1137 1443 excidio
1167 1379 1310 1443 minime
1337 1380 1383 1444 vi·

219 1493 317 1558 detur
350 1495 468 1559 vexari
502 1499 559 1558 aut
593 1495 784 1577 sollicitari,
825 1517 903 1558 eum
938 1495 974 1558 11
1017 1495 1167 1558 carmine
1203 1496 1384 1560 Stesichori

219 1609 368 1674 hostium
393 1611 600 1676 Graecorum
622 1610 775 1696 partibus
799 1633 834 1674 se
858 1610 1052 1675 adiunxisse
1082 1610 1285 1694 existimem,
1317 1612 1384 1676 sive

218 1726 375 1790 Diomedi
398 1726 560 1811 Ulixique
584 1748 618 1790 se
646 1727 735 1790 ultro
760 1726 942 1790 tradidisse
970 1727 1141 1811 putandus
1176 1735 1227 1790 est
1251 1727 1385 1792 Aeneae

216 1848 391 1926 pertaesus
416 1850 451 1906 et
473 1842 618 1926 Paridis,
648 1842 707 1926 qui
735 1841 874 1906 delubra
902 1842 1064 1906 violasset
1092 1850 1212 1907 necato
1242 1844 1384 1927 Achille,

219 1957 291 2023 sive
315 1959 356 2022 ab
380 1959 481 2024 Ulixe
510 1958 640 2024 invitus
669 1965 788 2042 captus
817 1959 923 2021 vitam
953 1981 1112 2042 servasse,
1142 1981 1219 2024 cum
1249 1960 1386 2024 Graecis

216 2073 451 2157 praedixisset,
486 2074 588 2138 llium
627 2075 815 2160 expugnari
854 2097 924 2138 non
962 2097 1059 2158 posse
1098 2075 1165 2140 nisi
1194 2076 1386 2141 Philocteta

216 2196 403 2274 praesente,
441 2191 499 2275 qui
535 2191 677 2274 sagittas
702 2191 859 2254 Herculis
888 2191 1068 2274 obtineret,
1105 2192 1177 2255 sive
1206 2192 1386 2276 Deiphobo

215 2306 383 2370 Helenam
416 2329 552 2370 uxorem
588 2306 781 2371 obtrectans
814 2307 911 2370 ldam
947 2307 983 2372 in
1019 2313 1169 2370 montem
1208 2310 1386 2373 secessisse

215 2427 400 2506 captusque
424 2423 563 2487 Graecis
591 2423 758 2488 rationem
789 2429 824 2486 01
852 2423 942 2486 viam
967 2423 1148 2508 aperuisse,
1185 2445 1253 2506 qua
1287 2425 1385 2489 llium

215 2538 401 2623 expugnari
425 2533 593 2623 possetfll)

320 2771 552 2854 Polyxenae
576 2770 811 2853 immolatio,
852 2794 952 2856 quam
977 2772 1118 2838 Ulixes
1154 2779 1189 2835 et
1218 2772 1385 2837 Calchas

213 2885 374 2950 videntur
398 2886 543 2950 suasisse
555 2881 605 2968 84),
638 2909 657 2949 a
686 2886 804 2950 dextra
835 2894 931 2973 parte
966 2888 1128 2972 imaginis
1168 2890 1385 2974 conspicitur.

213 3003 254 3066 In
279 3025 406 3066 summa
430 3003 529 3088 pila,
554 3024 640 3087 quae
652 3001 798 3066 Achillis
826 3006 1015 3088 sepulcrum
1034 3003 1164 3068 indicat
1181 3006 1386 3070 vetustiores

213 3119 347 3182 tabulae
371 3119 517 3182 editores
541 3139 678 3202 parvam
703 3119 847 3203 figuram
872 3120 1099 3205 depinxerunt
1122 3121 1305 3205 iacentem,
1337 3121 1385 3184 vel

212 3235 325 3319 potius
360 3234 542 3298 finxerunt.
592 3234 1261 3321 1011011111οῳ.379-8010011011111,
1302 3245 1386 3322 „sta-

212 3356 315 3432 tuam,
342 3373 427 3434 quae
442 3350 587 3415 Achillis
604 3352 733 3416 tumulo
750 3352 801 3416 illi
824 3353 967 3417 iacentis
991 3353 1111 3417 habitu
1134 3352 1297 3437 imposita
1322 3375 1385 3418 oer-

212 3474 359 3549 neretur,
389 3467 499 3551 ipsam
524 3467 733 3551 Polyxenam
757 3475 858 3553 prout
881 3469 1055 3532 immolata
1080 3475 1169 3532 esset
1192 3491 1385 3554 repraesen-

213 3561 297 3665 tare,
329 3604 397 3646 non
421 3605 502 3647 vero
527 3583 704 3666 Achillem,
743 3584 800 3668 qui
835 3585 976 3648 militari
1001 3591 1034 3648 et
1057 3592 1149 3648 recto
1173 3591 1268 3650 statu
1292 3586 1385 3652 effor-

215 3699 301 3762 mari
326 3696 531 3763 debuisset“
566 3700 649 3764 Oui
682 3701 835 3784 opinioni
870 3701 982 3783 Beger
1015 3703 1059 3786 (p.
1079 3699 1134 3781 62)
1158 3722 1194 3764 se
1219 3701 1384 3767 adiunxit.

212 3815 458 3879 Tertullianum
497 3822 620 3879 testem
658 3816 896 3900 (1101011104)
926 3816 1145 3881 aFabrettio
1169 3819 1384 3903 repudiatum

211 3931 402 4014 Fogginius
426 3931 584 4017 probavit
608 3933 656 3995 sio
680 3932 899 3997 scribentem:
926 3933 1112 4016 „Naturam
1136 3936 1311 4001 concussit
1327 3937 1385 4002 La-

317 4132 361 4196 83)
391 4133 489 4200 Dictys
514 4132 634 4185 (hotone.
658 4132 710 4197 JV,
741 4134 781 4186 18.
811 4165 844 4170 —
874 4133 990 4187 Lcschos
1019 4134 1047 4186 iu
1072 4134 1161 4186 Procli
1185 4135 1385 4200 chrestornath;

212 4220 295 4290 Soph.
320 4221 436 4274 Philoct.
461 4224 596 4285 olto-l&
623 4222 774 4287 razn-4⁶23
804 4255 837 4261 —
867 4223 961 4277 Oouou
994 4241 1066 4276 narr.
1092 4225 1134 4276 34.
1165 4256 1198 4262 —
1228 4227 1275 4288 84)
1295 4229 1386 4298 Eurip.

210 4311 278 4363 Heo.
301 4312 434 4375 iao-ru
455 4311 553 4378 Dictys
573 4312 608 4377 V,
631 4314 674 4374 l3;
696 4313 770 4366 Serv.
790 4312 825 4366 ad
844 4313 927 4382 Verg.
946 4314 1015 4366 Aen.
1037 4313 1093 4378 HI,
1112 4312 1172 4366 32⁸2.
