2872 4912
611 249 829 312 -23.-

136 432 172 488 et
188 422 330 510 passim)
345 425 568 511 principalem
584 425 695 489 locum
712 431 831 490 tenent
847 424 883 489 in
899 425 1050 507 imagine
1067 424 1193 509 pariter
1208 430 1309 508 atque

137 541 228 626 apud
252 542 450 607 Homerum.
497 541 655 606 Hectoris
691 548 769 605 ante
805 541 908 626 pedes
938 530 1309 624 (1616161[Καλήιωρ]

136 655 286 721 concidit-
321 656 418 722 hasta
452 657 569 722 Aiacis
605 657 733 721 occisus
770 657 959 735 (liu-21).
1006 656 1158 720 Teucer
1193 654 1308 719 Aiacis

136 772 246 858 clipeo
281 779 391 838 tectus
427 775 594 853 (437—70
617 780 652 837 et
676 774 773 858 pass.)
810 773 953 856 sagittas
984 771 1091 836 mittit
1118 771 1155 835 in
1182 770 1306 835 hostes.

135 889 168 951 A
191 894 289 973 tergo
313 888 429 954 Aiacis
456 889 512 953 vir
540 889 676 973 quidam
705 889 841 954 videtur
872 887 1004 970 collabi,
1040 909 1138 971 quem
1168 886 1308 950 Homeri

136 1004 241 1068 verba
254 1012 390 1070 secutus
403 1004 582 1086 (428—35)
595 1005 623 1069 L
629 1005 899 1090 ycophronem
911 1003 1065 1081 dixerim,
1079 1003 1137 1087 qui
1151 1002 1307 1066 Hectoris

134 1121 213 1205 talc,
239 1120 329 1205 quod
353 1121 452 1186 Aiaci
477 1121 683 1185 destinatum
708 1127 789 1203 erat,
814 1120 944 1186 occisus
969 1127 1030 1183 est.

243 1236 453 1323 Quicumque
477 1237 531 1302 vir
554 1237 627 1301 sine
651 1237 701 1301 ira
725 1244 759 1300 et
780 1236 892 1300 studio
910 1234 1058 1300 tabulam
1090 1255 1166 1299 oum
1193 1232 1306 1298 verbis

134 1352 275 1416 Homeri
299 1353 489 1435 contulerit,
514 1352 686 1435 concedet,
709 1359 869 1436 ectypum
893 1351 1063 1437 praeclara
1078 1350 1222 1435 quadarn
1238 1350 1306 1414 fide

133 1468 320 1533 Homerum
344 1469 473 1533 imitari
489 1469 733 1553 compositione
751 1468 891 1551 insigni.
940 1466 1169 1551 Bruaningius
1192 1472 1306 1530 tamen

132 1583 265 1648 censuit
289 1583 334 1669 (p.
354 1587 438 1667 141),
462 1584 605 1649 Iliadem
629 1585 771 1648 latinam
794 1585 850 1647 vel
874 1583 994 1648 melius
1019 1603 1205 1667 congruere
1229 1604 1305 1645 oum

132 1706 256 1784 ectypo
292 1707 419 1783 nostro,
458 1709 560 1786 atque
595 1701 787 1786 argumenti
823 1723 923 1766 causa
961 1698 1144 1765 maioribus
1180 1697 1305 1762 litteris

132 1815 216 1880 haec
239 1813 342 1880 verba
366 1817 416 1894 (Il.
440 1817 499 1881 lat.
525 1819 587 1882 191
613 1818 693 1903 sqs.)
717 1817 873 1902 protulit:

988 1931 1107 2014 „Aiax‚

292 2056 386 2113 stans
421 2048 532 2134 prima
567 2048 602 2112 in
640 2049 754 2134 puppi,
796 2048 971 2133 clipeoque
1011 2045 1170 2111 incendia
1204 2067 1305 2110 saeva

292 2167 438 2228 sustinet
462 2171 497 2228 et
520 2165 631 2229 solus
655 2163 810 2228 defendit
833 2163 944 2227 mille
968 2158 1169 2245 carinas,“‚

129 2277 1303 2365 quamquaminectyponostroAiaxcumpluribussociisnavem

132 2395 292 2460 defendit
314 2417 429 2460 unam
453 2396 495 2460 ab
512 2397 668 2460 Hectore.
715 2395 772 2459 An
795 2394 882 2460 forte
899 2395 1066 2459 Homerus
1090 2416 1166 2460 curn
1189 2393 1304 2459 tabula

129 2511 287 2596 peccavit
310 2519 428 2577 contra
451 2511 594 2576 Iliadem
617 2511 769 2595 latinam,
794 2534 870 2575 oum
894 2510 1056 2575 scriberet
1080 2510 1234 2600 (161151

397 2619 443 2688 τιὸ
467 2622 503 2688 δὲ
525 2627 605 2713 μιῆς
627 2621 705 2711 περὶ
730 2618 805 2712 νηὸς
829 2618 900 2704 ἔχον
923 2617 1037 2704 πόνον,

131 2751 233 2828 atque
268 2742 408 2809 adderet
442 2766 558 2810 omnes
592 2766 753 2829 personas
783 2750 818 2807 et
845 2744 959 2809 omnia
987 2743 1124 2809 nomina
1156 2742 1302 2827 quaein

129 2868 255 2945 ectypo
279 2866 394 2925 nostro
417 2861 582 2944 videmus,
608 2861 644 2925 in
667 2859 775 2924 iliade
799 2858 905 2924 latina
928 2881 997 2924 non
1021 2859 1235 2924 invenimus?

238 3091 352 3157 Libri
380 3091 525 3157 decimi
553 3093 659 3156 sexti
688 3087 747 3176 [Π]
780 3113 864 3156 zona
892 3090 1123 3155 Patroclum
1151 3088 1302 3154 ostendit

128 3215 165 3273 et
196 3209 470 3292 Myrmidones
498 3230 647 3292 pugnam
681 3215 849 3293 parantes.
902 3205 1101 3288 Achilles,
1130 3205 1172 3270 ad
1202 3228 1301 3291 quem

127 3331 200 3389 tres
216 3324 449 3409 Myrmidones
470 3325 579 3390 adhuc
603 3325 748 3390 inermes
772 3322 898 3387 adeunt
922 3321 1133 3404 valedicturi,
1158 3322 1194 3385 in
1218 3322 1301 3386 sella

128 3439 258 3504 assidet
281 3440 371 3505 haud
396 3441 444 3505 ita
473 3441 648 3505 dissimilis
672 3440 766 3503 heroi
793 3438 1007 3503 succensenti
1031 3439 1067 3502 in
1090 3437 1176 3502 libro
1200 3459 1300 3518 ncnc,

129 3555 174 3621 ad
198 3576 297 3641 quem
327 3556 491 3639 Phoenix,
516 3557 605 3621 Aiax
630 3556 745 3638 maior,
771 3556 890 3621 Ulixes
919 3577 993 3619 cum
1019 3554 1105 3620 Odio
1134 3561 1168 3618 et
1190 3554 1300 3639 Eury·

129 3673 209 3737 bate
237 3672 513 3737 caduceatoribus
541 3673 636 3737 missi
664 3679 769 3756 erant,
799 3679 837 3736 ut
865 3693 941 3735 eum
970 3671 1151 3755 placarent.
1201 3671 1301 3733 Falso

129 3788 297 3853 artificem
335 3797 489 3854 nostrum
528 3789 593 3853 alia
632 3787 776 3873 quadam
816 3786 966 3870 imagine
1005 3787 1158 3872 exemplo
1202 3807 1300 3850 usum

129 3927 204 3969 esse
242 3904 523 3980 existimaverim:
563 3905 702 3968 Praeter
738 3905 803 3969 alia
838 3909 1063 3979 monumenta,
1101 3924 1186 3987 quaa
1224 3903 1300 3986 plus

128 4021 288 4085 minusve
326 4043 401 4085 cum
437 4028 558 4106 ectypo
596 4029 711 4085 nostro
754 4020 981 4100 consentiunt,
1024 4012 1299 4097 Overbeckiusffl)

127 4139 213 4146 ''—
222 4139 282 4245 ’16)
302 4177 451 4243 avertar,
475 4178 509 4232 o.
532 4177 560 4230 h.
584 4178 614 4232 a.
640 4179 663 4243 r,
690 4196 716 4248 p.
743 4179 896 4243 ios-rou
924 4177 959 4230 ef.
989 4176 1032 4230 w.
1057 4174 1167 4245 nerag,
1196 4173 1299 4228 uano·

125 4266 268 4339 gcmaeldo
287 4267 478 4337 Campanicns,
498 4267 588 4338 Loipn
611 4269 686 4334 1868,
705 4285 746 4337 pr.
765 4267 825 4321 16].
