2872 4912
555 241 773 305 ..53-

69 417 217 481 rissaeus
245 419 341 482 heros
364 419 400 483 in
425 419 592 503 virginem
621 421 784 484 mutando
818 421 876 484 ille
911 422 1059 486 ferarum
1089 421 1245 486 medullis

70 533 311 598 educatus...
334 535 443 600 adhuc
466 537 613 600 sustinet
636 537 756 600 stolam
780 536 933 618 fundere,
959 559 1086 601 comam
1104 546 1243 620 struere,

69 655 184 713 culam
208 650 347 733 fingere,
372 651 545 736 speculum
559 653 742 735 consulere,
768 653 890 716 collum
904 653 1103 736 demulcere,
1129 676 1243 718 aurem

72 787 209 849 quoque
233 768 344 831 foratu
374 767 597 850 effeminatus,
636 769 723 852 quod
759 768 810 832 illi
834 768 925 853 apud
949 769 1109 852 Sigaeum
1133 777 1244 834 statua

69 879 216 945 servat.“
243 882 393 960 Quibus
419 882 530 947 verbis
554 893 726 968 permotus
742 883 888 948 Achillis
913 885 1058 949 animam
1083 885 1118 949 in
1144 886 1243 971 cippo

69 997 127 1061 illo
145 998 254 1062 iacere
269 999 458 1084 Fogginius
476 999 693 1081 exiehimavih,
719 1022 819 1084 quam
833 999 1017 1064 Sehorniua
1031 1000 1179 1072 (Tisohb.
1194 1003 1239 1084 ΙΙ,

67 1137 101 1198 p.
127 1114 183 1194 24)
208 1114 332 1199 aliique
357 1116 464 1179 secuti
499 1122 579 1179 sunt
617 1116 729 1180 allatis
768 1115 871 1178 chiam
906 1116 1083 1200 Euripidis
1117 1117 1241 1200 verbis

68 1252 155 1314 quae
190 1231 335 1296 Achillis
374 1254 489 1295 manes
524 1232 663 1296 Graecis
703 1254 803 1312 supra
843 1232 1010 1296 tumulum
1045 1234 1242 1317 apparuisse

68 1345 222 1410 tradunt:

69 1482 152 1544 Heo.
179 1482 236 1546 90:
284 1462 361 1565 ἦλθ’
387 1469 472 1564 ’ὑπὲρ
497 1469 598 1563 α’κρας
622 1472 747 1560 capulos
771 1480 917 1565 κορυφᾶς

283 1587 446 1680 φάντασμα
471 1592 644 1674 Αχιλλέως

67 1714 150 1779 Hoc.
176 1715 232 1779 37:
280 1705 367 1773 ahaz
390 1702 567 1798 ‹l‘aloelprlv
589 1705 648 1797 τὴν
672 1705 752 1796 ἐμὴν
775 1708 960 1798 Πολυξένην

280 1821 392 1911 τύμβῳ
417 1822 514 1912 φίλον
537 1821 744 1914 πρόσφαγμα
767 1823 824 1890 καὶ
848 1824 942 1912 γέρας
966 1826 1086 1909 λαβεῖν.

66 1963 220 2044 Accedit,
256 1963 345 2047 quod
369 1965 405 2028 in
428 1963 550 2049 hydria
586 1964 730 2049 quadam
753 1965 968 2028 Berolinensi
997 1955 1133 2024 εἴδωλον
1167 1965 1238 2028 eius

10 2124 20 2177 .'
66 2080 168 2144 armis
180 2079 308 2163 alisque
321 2080 510 2164 praeditum
526 2080 731 2165 conspicitur
738 2082 791 2154 (of.
799 2080 1238 2160 Gerhard,Trinksohaalen

64 2195 134 2260 und
160 2195 321 2259 Gelaesse
337 2196 372 2260 Π
396 2196 463 2260 tab.
491 2200 545 2278 163
571 2196 757 2276 Overbeolr‚
782 2198 821 2260 G.
840 2196 872 2259 h.
890 2197 929 2260 Β.
954 2197 981 2278 Ι,
1006 2219 1037 2280 p.
1056 2198 1134 2277 6643
1170 2196 1237 2261 lab.

10 2304 13 2315 ’
63 2311 208 2376 XXVII
231 2334 264 2375 n.
292 2313 376 2382 175).
424 2311 553 2389 Quibus
577 2313 676 2376 rebus
712 2311 867 2376 omnibus
902 2313 1048 2376 fortasse
1083 2313 1238 2376 nonnulli

61 2427 210 2512 permoti
234 2435 323 2512 sunl,
353 2435 392 2492 ul
416 2429 561 2492 incertas
588 2429 720 2512 aquilae
744 2429 799 2491 vel
824 2428 979 2512 tympani
1004 2429 1236 2513 circumscrip-

60 2545 175 2608 tiones
199 2566 260 2628 pro
284 2546 415 2608 anima
439 2544 497 2608 illa
521 2544 698 2608 Achillis
722 2543 893 2608 haberent.
945 2544 986 2607 In
1011 2545 1151 2609 dubium
1176 2567 1235 2609 vo-

59 2660 155 2724 cavit
178 2660 265 2724 hano
289 2647 604 2745 inherpretationem
634 2659 767 2723 tabulae
796 2660 876 2725 Ouo
900 2660 986 2724 iahn
1010 2660 1148 2745 primus,
1179 2661 1235 2724 de·

58 2777 144 2841 inde
172 2771 495 2861 Heydemannus⁸⁵);
542 2782 660 2860 postea
688 2776 826 2839 lahnius
862 2777 906 2860 lp.
929 2779 981 2857 37,
1006 2783 1074 2840 not.
1097 2778 1174 2855 242)
1199 2778 1235 2840 in

60 2893 200 2958 tabulae
225 2892 323 2977 cippo
347 2914 524 2977 personam
549 2893 604 2955 vel
629 2892 776 2955 animam
813 2891 959 2976 aliquam
995 2892 1106 2956 inesse
1134 2893 1235 2977 plane

56 3008 213 3091 negavit.
260 3009 403 3072 Nostrae
427 3007 561 3072 tabulae
585 3007 697 3092 imago
712 3008 818 3090 docel,
844 3008 880 3071 in
904 3008 1003 3092 cippo
1020 3007 1108 3072 nihil
1124 3009 1234 3072 inesse

56 3131 198 3211 praeter
232 3129 432 3208 tympanum
456 3123 551 3188 illud.
577 3125 779 3188 Conferatur
815 3146 890 3187 cum
930 3123 1080 3207 imagine
1120 3130 1234 3189 nostra

55 3262 177 3306 rursus
206 3240 352 3324 scyphus
378 3241 576 3304 Homericus
613 3234 808 3324 quidamssssl,
847 3238 905 3302 ubi
942 3239 1035 3322 prius
1071 3241 1234 3324 temporis

55 3361 271 3422 momentum
294 3364 581 3438 repraesentatum
606 3363 665 3418 est.
712 3356 764 3419 Ibi
789 3377 921 3440 quoque
944 3355 1062 3419 Ulixes
1087 3356 1232 3439 virginis

55 3471 306 3559 pulcherrimae
332 3478 432 3556 atque
443 3472 649 3536 fortissimae
666 3472 846 3553 mischius,
863 3494 947 3555 quae
960 3471 1095 3534 iamiam
1109 3479 1232 3535 macta-

56 3591 164 3670 bitur,
201 3610 338 3652 manum
363 3588 487 3652 obiecio
523 3588 637 3669 oouliS,
675 3596 775 3670 atque
801 3587 942 3651 Calchas
971 3593 1085 3651 nosler
1114 3587 1232 3651 baculo·

57 3706 161 3768 nixus
186 3704 326 3768 alteram
351 3727 485 3768 manum
512 3705 687 3768 coxendici
711 3704 883 3787 imposuio.
944 3703 1064 3766 Cetera
1092 3702 1232 3766 huiusce

56 3823 107 3886 rei
132 3827 352 3886 monumenta
376 3821 515 3884 collecta
538 3819 698 3904 inspicias
716 3818 805 3904 apud
823 3819 1070 3884 Overbeokium
1089 3826 1122 3882 ei
1139 3820 1231 3904 Hey·

165 4086 210 4152 85)
231 4084 310 4148 lahn,
329 4083 506 4152 Arohaoolog.
536 4084 684 4152 ssoitraoge,
714 4083 782 4135 Bcrl.
805 4085 881 4147 la-lr,
909 4101 935 4152 p.
958 4085 1006 4134 141
1031 4100 1088 4151 sqq.
1117 4100 1139 4135 o.
1160 4082 1231 4134 nolis

55 4177 176 4239 sla-933
215 4173 408 4243 Hcydcrnann,
438 4173 519 4242 lliup.
540 4172 587 4225 (les
608 4173 719 4240 Brygos,
748 4190 774 4240 p.
797 4174 836 4235 18,
866 4180 921 4227 not.
942 4176 971 4235 8;
1009 4190 1035 4241 p.
1055 4174 1098 4235 20,
1129 4177 1185 4224 not.
1205 4172 1229 4223 2.

55 4267 100 4335 86)
120 4263 235 4329 Robort²
255 4265 338 4317 Hom.
359 4262 462 4316 Becher
483 4281 509 4333 p.
531 4265 643 4316 73-75.
