2872 4912
620 255 817 324 „4-

134 433 291 503 chantem
316 438 582 524 appellaverunt,
607 459 671 520 ego
695 443 809 503 autem
822 437 1066 523 Astyanactem
1084 459 1159 501 cum
1173 436 1307 500 Graeco

133 555 276 639 quodam
289 554 363 620 viro
376 576 449 618 esee
464 554 738 619 existimaverim.
785 555 837 620 Ne
853 553 982 639 priores
1006 553 1144 637 quidem
1168 551 1306 616 tabulae

133 670 279 735 editores
314 671 350 735 in
386 693 424 735 ea
458 671 533 756 plus
569 670 685 736 videre
721 670 881 754 potuisse,
916 692 1017 756 quam
1051 691 1142 734 nunc
1178 691 1250 752 nos,
1286 691 1304 731 e

134 793 249 850 nostra
287 786 437 872 imagine
477 809 553 851 oum
594 785 801 851 editionibus
839 785 1009 870 prioribus
1053 785 1174 850 collata
1213 784 1306 848 effici

132 902 282 986 videtur;
307 902 365 967 sed
388 903 455 968 loci
479 903 574 968 dubii
597 903 638 967 ab
662 902 732 967 illis
756 902 793 967 in
810 901 1094 967 delineationibus
1118 900 1224 965 libere
1248 901 1305 964 vel

133 1019 235 1083 etiam
258 1026 384 1083 temere
407 1020 527 1084 refecti
557 1027 646 1102 sunt,
665 1019 785 1086 ¹sicuti
821 1040 896 1083 cum
921 1019 1071 1083 Henrico
1094 1017 1212 1082 Hirzel
1236 1017 1303 1080 iam

131 1135 298 1200 Ricardus
323 1134 475 1200 Schoene
499 1141 551 1200 est
575 1130 799 1216 arbitra··tus⁵).

220 1251 417 1316 Ricardus
432 1251 611 1316 Schoene
627 1273 701 1314 eam
715 1272 823 1335 nuper
837 1251 1042 1315 sententiam
1056 1251 1228 1335 professus
1241 1255 1303 1332 est,

132 1366 280 1431 tabulam
294 1374 443 1432 nostram
456 1368 594 1432 iliacam
607 1389 704 1450 opus
717 1389 803 1430 esse
819 1389 982 1452 prorsus
999 1365 1301 1452 imperfectum,

131 1506 241 1568 neque
266 1483 433 1548 adfinem
457 1483 671 1570 perductum;
697 1483 727 1546 si
751 1505 831 1547 vero
847 1483 1032 1567 imaginem
1048 1488 1197 1547 nostram
1222 1482 1303 1545 solis

131 1621 194 1684 ope
218 1599 372 1664 effectam
390 1600 573 1683 diligenter
589 1599 916 1685 perlustraverimus,
941 1599 1016 1663 fieri
1032 1599 1090 1663 vix
1112 1597 1248 1684 poterit,
1265 1606 1304 1664 ut

131 1716 222 1780 illius
238 1717 275 1780 in
291 1723 404 1802 partes
420 1722 642 1780 transeamus.
690 1714 757 1779 Sed
773 1716 885 1800 ipsum
906 1715 1098 1780 audiamus:
1123 1717 1303 1798 „Fabrica-

129 1829 269 1916 torem“,
280 1833 401 1918 inquit,
415 1832 668 1918 „dispositionis
679 1854 777 1896 causa
788 1853 903 1896 omnes
913 1854 966 1896 res
977 1832 1072 1916 quasi
1083 1831 1301 1897 adumbrasse

130 1955 263 2013 tanturn
278 1957 378 2033 atque
390 1949 490 2013 rebus
507 1949 624 2014 titulos
641 1947 870 2033 adscripsisse,
888 1954 926 2012 ut
943 1970 998 2012 eas
1015 1947 1139 2012 deinde
1156 1970 1302 2013 commo·

131 2064 207 2128 dius
222 2074 336 2150 posset
358 2066 524 2150 persequi,
550 2086 659 2149 neque
683 2086 762 2128 vero
778 2064 997 2150 insculpsisse
1013 2086 1068 2128 eas
1081 2062 1300 2130 accuratius.“

132 2181 205 2258 Qua
219 2181 256 2246 in
270 2204 306 2245 re
321 2204 446 2247 errasse
461 2182 597 2246 videtur
612 2181 665 2246 vir
679 2181 907 2245 doctissimus:
924 2181 1025 2245 Certo
1039 2180 1159 2265 figuris
1172 2181 1314 2247 exscul-'

130 2297 200 2381 ptis
228 2297 363 2361 demum
391 2299 512 2363 artifex
541 2298 659 2362 titulos
688 2297 812 2362 addere
835 2297 948 2382 potuit
971 2297 1008 2360 in
1032 2297 1074 2361 iis
1099 2297 1301 2380 intervallis,

131 2434 215 2498 quae
236 2435 255 2477 a
270 2413 389 2497 figuris
405 2415 522 2478 relicta
539 2421 644 2496 erant,
669 2414 724 2478 vel
740 2413 854 2499 potius
872 2413 998 2477 circum
1015 2435 1070 2478 eas
1088 2413 1300 2498 exstiterant,

130 2551 209 2593 nam
245 2530 343 2593 aliter
378 2529 414 2593 in
449 2529 686 2614 exsculpendis
714 2529 834 2614 figuris
870 2529 1005 2594 litterae
1040 2530 1303 2614 inscriptionum

130 2646 349 2710 evanuissent
371 2668 496 2710 rursus.
544 2646 789 2728 Fragmentum
819 2644 942 2709 deinde
978 2646 1098 2730 ipsum,
1135 2645 1302 2730 quomodo

130 2761 227 2826 nobis
252 2769 485 2828 conservatum
510 2768 572 2845 est,
607 2762 713 2826 altum
749 2768 800 2826 est
829 2762 1030 2826 centesimas
1065 2763 1165 2827 metri
1188 2769 1303 2847 partes

129 2877 246 2961 XXV,
269 2878 375 2942 latum
391 2880 511 2963 XXX,
535 2879 584 2942 ita
606 2884 645 2943 ut
667 2877 742 2942 fieri
765 2878 824 2942 vix
847 2878 1006 2963 potuerit,
1032 2887 1070 2942 ut
1090 2879 1214 2942 artifex
1238 2879 1301 2942 mi-

129 2994 325 3059 nutissimas
357 2995 432 3059 illas
466 2997 589 3060 formas
625 2995 754 3080 scalpro
783 2995 839 3060 vel
867 2995 975 3059 cultro
999 2995 1144 3059 caelaret
1167 3017 1300 3077 omnes,

129 3109 212 3174 haec
235 3111 340 3175 altera
363 3118 528 3176 causaest
550 3111 847 3196 „imperfectarum
863 3111 1067 3196 rudiumque
1082 3107 1297 3195 formarum,“

130 3249 213 3311 quas
238 3227 423 3292 Schoenius
448 3227 662 3312 conspexisse
686 3227 751 3292 sibi
774 3226 922 3304 videtur,
957 3227 1084 3291 etenim
1113 3228 1302 3293 accuratior

128 3343 280 3427 picturae
304 3366 357 3408 ars
381 3344 561 3430 sculptoris
589 3343 733 3408 artificio
768 3343 805 3408 in
839 3343 1002 3408 auxilium
1033 3343 1144 3408 venit:
1192 3344 1300 3430 Opus

129 3458 232 3523 illud
256 3460 459 3525 coloribus
482 3461 680 3526 iniectum
703 3460 833 3524 fuerit
852 3481 1018 3524 necesse
1039 3467 1112 3542 est,
1138 3460 1300 3544 quoniam

129 3575 261 3659 pictura
285 3576 464 3641 deficiente
489 3576 785 3663 opportunissimis
809 3582 943 3640 tantum
971 3575 1008 3639 in
1032 3574 1300 3660 condicionibus

129 3698 293 3775 quantum
317 3692 454 3777 quidem
478 3693 520 3757 ad
544 3693 798 3758 collocationem
831 3692 965 3757 tabulae
1000 3699 1100 3776 atque
1134 3692 1219 3756 lueis
1255 3693 1300 3757 ad

128 3807 329 3873 incisionem
355 3810 515 3894 pertinet,
553 3809 740 3894 figurarum
774 3808 864 3872 haud
903 3808 951 3872 ita
984 3808 1186 3872 caelatarum
1222 3830 1298 3873 oras

128 3930 228 4007 atque
253 3925 580 4010 circumscriptiones
603 3924 846 3990 internovisses
881 3945 1115 4010 expressarum
1150 3925 1186 3988 in
1221 3927 1299 3989 uni-

128 4041 237 4104 colore
260 4041 319 4105 illa
342 4043 483 4106 materia
509 4035 768 4126 „palombino“⁶)
798 4041 898 4123 dicta,
937 4063 1021 4125 quae
1050 4040 1196 4125 quidem,
1232 4064 1299 4126 qua

233 4290 259 4355 5)
279 4286 423 4340 Archaeol.
436 4287 521 4358 Zeitg.
536 4287 647 4354 XXIV,
666 4305 692 4357 p.
709 4289 768 4340 157.
788 4319 820 4325 —
839 4287 865 4354 6)
885 4286 965 4351 Iahn,
984 4287 1002 4338 l.
1016 4287 1033 4338 l.
1048 4304 1075 4355 p.
1091 4290 1123 4351 1.,
1141 4293 1198 4340 not.
1219 4288 1296 4341 1-2.
