2872 4912
621 246 839 313 -18-

141 424 318 491 certamini
335 425 540 491 Diomedis
565 432 599 490 et
614 425 777 491 Aeneae
801 426 965 491 interesse
989 427 1025 491 in
1050 428 1193 512 ectypis
1242 428 1310 492 Nos

140 565 207 606 non
232 541 440 622 mirabimur,
478 542 507 606 si
530 543 619 627 apud
644 543 830 608 Homerum
854 543 909 625 (V,
933 544 1011 622 290)
1039 543 1234 627 legerimus,
1270 544 1310 607 ab

141 658 215 743 ipsa
227 658 384 722 Minerva
406 658 538 722 hastam
552 658 727 722 Diomedis
744 659 778 722 in
793 658 1014 723 Pandarum
1040 681 1112 723 esse
1136 658 1310 740 directam,

140 775 199 859 qui
222 774 312 838 inter
335 773 535 839 Diomedem
560 782 594 837 et
617 775 768 838 Aeneam
791 775 981 858 fugientem
1006 774 1101 839 humi
1125 775 1227 857 iacet3
1254 775 1309 838 de·

140 889 220 954 inde
245 890 396 954 conferas
421 912 544 975 quaeso
570 889 720 954 eiusdem
744 890 824 955 libri
848 912 964 956 versus
991 893 1085 970 1-3,
1124 893 1197 969 123,
1234 893 1308 972 256,

140 1007 197 1090 qui
237 1007 319 1069 satis
358 1005 602 1089 demonstrant,
640 1005 790 1070 Palladis
825 1028 950 1071 numen
985 1007 1142 1071 Diomedi
1177 1029 1309 1093 semper

139 1144 298 1207 praesens
322 1144 395 1186 esse
420 1123 455 1187 in
479 1122 542 1187 hoc
566 1123 759 1187 certamine.
818 1123 936 1207 Neque
970 1123 1309 1208 praetermittendum

138 1246 199 1322 est,
224 1238 286 1303 hoc
310 1239 383 1304 loco
405 1238 549 1303 iliadem
572 1239 714 1303 latinam
738 1241 782 1318 (v.
807 1239 902 1320 394);

322 1355 462 1439 „bellica
485 1355 599 1419 Pallas
622 1354 718 1419 adest
743 1405 750 1419 .
777 1405 783 1418 .
810 1405 817 1419 .

320 1477 421 1556 atque
444 1471 574 1536 animos
598 1471 716 1536 iuveni
740 1471 896 1554 viresque
921 1467 1113 1536 ministrat“
1175 1504 1177 1511 ε

137 1609 238 1671 quam
278 1586 378 1650 simul
413 1609 489 1651 cum
524 1587 639 1652 tabula
678 1587 868 1672 oppositam
908 1610 980 1652 esse
1015 1589 1163 1652 Homero
1202 1610 1308 1672 usque

137 1702 313 1767 contendit
351 1703 592 1787 BrueningiuS,
639 1703 843 1768 verbotenus
881 1704 952 1767 fere
991 1703 1183 1769 consentire
1231 1728 1307 1769 cum

136 1819 284 1883 Homero
308 1817 362 1901 (V,
391 1819 501 1896 1-2):

288 1922 382 1995 Ἔνθ’
407 1917 448 1995 οδ
477 1928 615 2020 Τυδείδη
640 1926 805 2020 Διομήδεϊ
826 1927 964 2008 Παλλὰς
985 1924 1112 2020 Ἀθήνη

294 2047 378 2111 δῶκε
400 2044 497 2128 μένος
520 2045 577 2111 aul
601 2041 729 2134 θάρσος
754 2099 760 2110 .
788 2099 794 2111 .
821 2098 827 2110 .

135 2188 244 2251 neque
269 2166 391 2231 desunt
408 2167 548 2231 Homeri
572 2167 607 2231 in
632 2166 786 2233 versibus
803 2167 1023 2251 sequentibus
1039 2167 1156 2232 Iliadis
1180 2168 1307 2233 latinae

134 2281 192 2346 illa
217 2281 419 2368 „flagrantia
441 2283 579 2366 ignibus
608 2279 732 2348 arma“.
790 2283 880 2360 Quid
915 2284 1022 2368 igitur
1058 2283 1308 2349 demonstravit

134 2398 388 2483 Bruaningius?

240 2567 300 2632 Ad
335 2567 432 2633 libri
468 2569 573 2633 sexti
609 2569 733 2633 deinde
751 2557 932 2652 Ἕκτορος
954 2564 1019 2629 καὶ
1041 2558 1308 2655 Ἀνδρομάχης

135 2671 295 2760 ὁμιλίαν
315 2684 545 2768 Bruaningius
569 2685 614 2770 (p.
641 2683 717 2764 140)
741 2685 891 2750 tabulam
914 2686 944 2749 B
968 2685 1125 2750 adhibuit
1148 2693 1182 2750 et
1206 2687 1244 2750 in
1270 2710 1308 2751 ea

133 2799 300 2864 nutricem
328 2800 550 2885 Astyanactis
585 2800 801 2884 desideravit,
843 2802 922 2886 quia
956 2801 1069 2866 nescio
1105 2824 1170 2886 qua
1206 2825 1308 2868 causa

132 2937 200 2980 non
224 2915 327 2980 finem
343 2916 401 2981 sed
419 2916 556 2981 initium
573 2917 740 3002 colloquii,
766 2917 855 3002 quod
873 2924 924 2982 est
940 2918 1031 2982 inter
1042 2918 1308 2984 Andromachen

133 3039 167 3094 et
190 3033 384 3116 Hectorem,
421 3033 637 3117 comparavit.
696 3033 959 3099 Accuratissime
994 3033 1050 3098 hic
1074 3036 1189 3119 ectypi
1212 3037 1307 3100 locus

134 3148 276 3230 quadrat
299 3148 440 3212 Homeri
464 3148 501 3213 in
524 3171 641 3214 versus
665 3151 723 3233 VI,
748 3151 848 3215 482—
861 3152 903 3216 84
926 3151 1000 3215 hos:

284 3249 345 3336 Ὣς
367 3256 473 3324 εἰπών
496 3253 630 3342 ἀλόχοιο
654 3259 754 3350 φίλης
777 3260 810 3325 ἐν
831 3260 939 3347 χερσὶν
962 3257 1063 3351 ἔθηκε

291 3375 388 3439 παῖδ’
413 3371 466 3440 ἑόν
483 3369 527 3465 ἠ
552 3377 580 3440 δ’
606 3370 669 3465 ἄρα
692 3403 749 3460 μιν
772 3373 896 3467 κηώδεϊ
917 3377 1032 3456 δέξαιο
1055 3373 1173 3465 κόλπῳ

292 3487 447 3579 δακρυόεν
471 3488 645 3578 γελάσασα.

238 3675 367 3739 Dextra
402 3676 515 3761 ectypi
550 3683 645 3761 parte
684 3699 754 3740 non
793 3678 950 3742 mutilata
992 3678 1155 3742 librorum
1194 3677 1307 3745 ΧΙΠΞ

130 3791 290 3874 usquead
304 3791 467 3856 ΧΧΠῙΠΛ11
483 3799 683 3876 argumenta
706 3793 805 3857 nobis
829 3799 1028 3859 conservata
1052 3801 1134 3858 sunt
1157 3794 1306 3880 singulis

130 3906 317 3971 ordinibus.

235 4022 277 4086 In
311 4023 420 4107 prima
455 4031 549 4108 parte
585 4025 687 4088 imae
722 4015 844 4089 zonae
874 4023 936 4108 [N]
961 4027 1163 4090 Meriones
1188 4028 1304 4114 (XIII,

129 4136 297 4219 aaa—97)
322 4139 476 4224 depictus
500 4148 561 4222 est,
598 4141 656 4225 qui
690 4141 786 4205 laeva
823 4142 968 4227 clipeum
1003 4143 1093 4227 gerit
1117 4144 1305 4231 eademque

127 4277 229 4318 manu
268 4253 530 4319 Adamantem
570 4255 773 4338 (ubo—575)
821 4258 969 4322 crinibus
1013 4259 1132 4341 trahit;
1182 4261 1305 4327 dextra
