2872 4912
713 245 915 308 ,92-

217 443 291 484 eam
315 429 406 485 certo
430 421 535 485 solius
562 421 802 486 concinnitatis
827 445 926 486 causa
954 423 1163 507 exsculptam
1188 444 1277 504 esse,
1308 420 1392 484 hano

217 559 292 600 cum
303 537 416 621 aliqua
426 537 663 622 probabilitate
675 537 933 602 Andromachen
950 561 1025 603 cum
1038 539 1253 623 Astyanacte
1271 537 1390 601 defini-

215 653 305 718 visse
322 653 406 718 mihi
422 653 553 736 videor;
578 654 719 718 aliarum
742 653 865 718 deinde
887 654 1077 719 tabularum
1100 655 1283 719 Iliacarum
1302 655 1389 735 frag·

216 775 332 832 menta
359 769 471 834 titulis
499 769 652 854 praedita
679 770 813 834 affatim
844 793 904 834 nos
928 771 1080 854 edocent,
1114 778 1230 834 nostra
1258 791 1389 854 qnoque

215 885 250 948 in
270 884 383 949 tabula
403 892 671 969 repraesentatas
688 909 760 950 esse
781 909 940 971 personas
958 893 1075 950 certas.
1122 885 1280 968 Accedit,
1302 885 1387 969 quod

215 1000 330 1064 subter
363 1001 541 1066 nonnullas
578 1002 693 1088 ectypi
726 1003 834 1066 nostri
869 1025 1038 1087 personas,
1073 1023 1215 1086 quarum
1250 1001 1389 1065 nomina

215 1138 283 1180 non
300 1117 373 1180 sine
392 1117 492 1182 dubio
516 1118 676 1183 videntur
693 1118 862 1182 enucleari
878 1140 986 1204 posse,
1011 1118 1179 1182 dilucidae
1195 1119 1387 1182 litterarum

215 1232 376 1316 reliquiae
405 1240 439 1297 et
471 1235 665 1318 fragmenta
698 1233 930 1314 inveniuntur,
978 1234 1067 1298 siout
1095 1233 1186 1297 inter
1214 1234 1330 1298 femur
1358 1243 1390 1297 et

215 1347 407 1413 bracchium
431 1350 497 1414 viri
526 1351 618 1414 illius
647 1360 725 1414 ante
748 1350 851 1434 pedes
875 1350 1035 1414 Hecubae
1064 1349 1226 1434 prostrati
1253 1349 1390 1414 litterae

213 1467 252 1524 Α
294 1473 328 1528 et
374 1469 414 1529 N.
484 1466 650 1531 Similiter
699 1466 820 1530 etiam
867 1466 967 1530 alias
1011 1487 1202 1551 personas
1250 1466 1392 1531 titulis

214 1581 437 1646 nominatas
465 1582 593 1646 fuisse
627 1581 842 1665 contende,
878 1583 936 1666 qui
960 1582 1074 1647 tabula
1098 1581 1227 1664 obruta,
1265 1605 1391 1665 arrosa,

212 1703 357 1782 purgata
393 1705 603 1764 evanuerunt
637 1699 746 1784 plane.
811 1701 858 1763 At
886 1699 1063 1781 Konstas
1097 1701 1140 1782 (p.
1173 1698 1230 1772 41)
1265 1698 1317 1762 ad
1352 1699 1392 1762 id

212 1813 408 1878 iudicium
435 1837 672 1899 progressus
696 1821 770 1897 est,
797 1823 840 1878 ut
863 1814 1040 1878 tabulam
1069 1813 1241 1878 differre
1268 1815 1392 1879 etiam

215 1952 233 1992 a
271 1930 481 2016 perpaucis
520 1931 607 1995 illis
650 1931 913 2016 Iliupersidis
953 1929 1237 1996 Stesichoreae
1279 1931 1392 2015 frag·

211 2047 357 2110 mentis
382 2047 611 2111 litterarum
631 2046 861 2110 arbitretur.
881 2083 921 2090 -
940 2045 988 2111 At
1012 2045 1258 2111 contrariam
1277 2069 1391 2132 pror-

212 2183 275 2225 sus
311 2163 556 2226 sententiam
591 2164 801 2248 professus
830 2170 891 2226 est
920 2162 1103 2226 Welcker
1126 2161 1170 2246 (p.
1199 2163 1289 2245 192),
1315 2186 1389 2228 cum

212 2277 384 2360 scriberet,
413 2301 448 2343 se
477 2285 548 2343 tota
581 2279 695 2343 tabula
724 2301 800 2343 cum
839 2279 1042 2363 fragmentis
1076 2277 1264 2343 Stesichori
1300 2302 1389 2344 com-

211 2400 328 2478 parata
351 2395 537 2478 collegisse,
562 2395 645 2459 satis
661 2417 700 2459 ea
724 2417 920 2478 congruere,
944 2417 1053 2479 neque
1072 2395 1107 2458 in
1124 2417 1227 2458 unam
1245 2396 1385 2480 quidem

211 2532 280 2573 rem
306 2532 341 2573 se
367 2511 536 2594 incidisse,
562 2534 627 2596 qua
656 2512 769 2576 tabula
797 2517 832 2575 et
855 2512 1047 2594 fragmenta
1075 2511 1165 2574 inter
1193 2534 1229 2574 se
1260 2511 1384 2577 discre-

211 2634 342 2710 parent.
391 2627 555 2691 Similiter
583 2627 748 2692 iudicavit
776 2622 1057 2707 Michaelis.²⁰³)
1105 2626 1248 2710 Singula
1279 2629 1386 2712 igitur

212 2742 380 2824 adeamne,
404 2751 442 2807 ut
465 2765 673 2828 quaeramus,
698 2750 774 2808 utra
797 2744 968 2808 sententia
991 2766 1070 2808 vera
1086 2743 1131 2807 sit
1155 2751 1257 2827 atque
1279 2752 1384 2809 recta:

318 2859 483 2936 Quoniam
512 2861 698 2924 Pausanias
723 2860 805 2924 haec
833 2855 1051 2936 tradidit:20⁴)
1077 2848 1128 2931 Ἐς
1156 2852 1192 2918 δὲ
1218 2848 1385 2944 Ἑκάβην

211 2967 407 3059 Στησίχορος
431 2970 463 3035 ἐν
484 2964 579 3036 Ἰλίου
603 2969 738 3057 πέρσιδι
766 2969 921 3059 ἐποίησεν
949 2971 982 3048 ἐς
1004 2968 1136 3036 Λυκίαν
1163 2964 1231 3036 ὑπὸ
1255 2965 1384 3037 Ἀπόλ-

210 3087 312 3178 λωνος
327 3092 540 3176 κομισθῆναι,
563 3093 739 3157 Konstas
772 3094 813 3177 (p.
830 3093 975 3173 41—42)
1004 3093 1154 3176 itemque
1178 3091 1384 3158 Noaekius

210 3207 254 3292 (p.
280 3208 423 3289 68—69)
452 3209 680 3288 offenderunt,
715 3209 803 3293 qnod
832 3208 955 3272 artifex
983 3231 1054 3272 eam
1084 3208 1118 3271 in
1149 3209 1298 3291 captivis
1330 3233 1384 3274 ex·

210 3324 406 3408 sculpsisset
423 3325 522 3388 aliam
535 3325 696 3388 videlicet
711 3325 860 3389 fabulam
877 3325 1045 3409 quandam
1062 3330 1209 3405 secutus3
1228 3335 1385 3391 constare

210 3463 228 3504 a
264 3440 456 3505 Stesichoro
488 3463 526 3504 eo
562 3449 686 3524 puncto
722 3442 893 3527 temporis,
930 3463 994 3525 quo
1029 3441 1274 3525 Neoptolemus
1311 3466 1384 3507 eam

209 3556 346 3639 coniugi
386 3556 513 3640 eripere
548 3563 606 3621 aut
642 3557 683 3619 de
718 3579 794 3620 arae
828 3556 1000 3640 gradibus,
1053 3580 1117 3642 quo
1143 3542 1383 3643 confugisset,

208 3672 371 3736 revellere
410 3672 585 3757 inciperet,
629 3672 823 3756 Apollinem
861 3695 932 3736 esse
977 3674 1164 3755 inductum,
1211 3676 1272 3758 qui
1309 3699 1382 3740 eam

209 3788 422 3872 Neoptolemi
451 3811 468 3851 e
496 3787 651 3852 manibus
681 3788 889 3868 extorsisset,
930 3789 1136 3874 praeclarum
1164 3791 1319 3874 profecto
1349 3793 1382 3857 id

208 3905 314 3968 fuisse
346 3905 509 3988 sculptori
544 3911 791 3987 argumentum.
839 3905 966 3970 Dubito
998 3930 1041 3970 an
1065 3905 1182 3968 fuerit:
1231 3908 1383 3994 Neopto·

208 4021 333 4083 lemum
368 4028 450 4083 tunc
485 4020 608 4083 artifex
644 4021 759 4084 eadem
789 4021 824 4083 in
861 4044 981 4085 scaena
1017 4021 1233 4106 duplicasset,
1271 4024 1322 4089 ita
1347 4034 1383 4090 ut

314 4138 492 4243 mmmm·
506 4177 588 4240 XIV,
609 4180 685 4243 ists,
705 4195 730 4247 p.
749 4179 808 4230 nn
832 4209 859 4215 -
883 4178 944 4234 204)
968 4179 1085 4232 Pausan.
1106 4178 1143 4242 X,
1164 4179 1383 4259 21:2:Berga

208 4268 277 4319 Stes.
295 4265 375 4334 frgm.
395 4265 478 4320 XIX.
