2872 4912
614 235 831 297 --21-

248 413 288 477 In
312 412 468 498 sequenti
485 411 608 476 deinde
631 411 732 476 huius
747 433 852 475 zonae
873 409 1023 494 imagine
1040 409 1157 501 eodem
1181 431 1200 472 e
1223 407 1308 472 libro

138 529 261 592 hausta
284 530 433 593 Hector
461 528 677 613 conspicitur,
709 528 767 612 qui
791 526 909 591 Aiaci
933 524 1166 590 Telamonio
1190 523 1311 588 acriter

139 645 284 709 instanti
318 646 402 730 fuga
436 667 471 708 se
507 643 609 728 eripit
643 665 742 728 quam
779 643 954 707 celerrima
988 641 1097 726 (XIV,
1133 641 1309 712 408-20).

138 762 291 825 Konstas
332 760 377 845 (p.
413 759 468 841 20)
509 765 633 838 censet,
673 761 855 824 Hectorem
895 758 931 823 in
970 756 1084 822 tabula
1122 778 1310 821 sermonem

137 876 329 941 instituisse
365 899 440 942 cum
468 876 658 962 Apolline
694 881 795 960 atque
819 897 858 939 ea
886 875 922 938 iu
945 896 982 939 re
1010 873 1093 939 adeo
1117 895 1190 938 0000
1213 894 1309 937 occu-

137 1000 265 1077 patum,
312 999 350 1057 ut
395 992 576 1058 imminens
622 992 809 1078 periculum
848 1012 916 1055 non
955 990 1229 1054 animadvertens
1267 988 1309 1053 ab

137 1109 297 1194 Apolline
314 1109 513 1194 corripiatur
528 1131 630 1174 manu
647 1115 680 1173 et
697 1108 860 1192 eripiatur
875 1107 1035 1192 periculo.
1077 1106 1142 1184 Qui
1159 1105 1309 1169 tabulam

136 1226 241 1289 semel
265 1225 510 1309 contemplatus
534 1225 609 1306 erit,
645 1225 759 1289 statim
795 1229 984 1307 cognoscet,
1021 1223 1205 1287 Hectorem
1240 1243 1309 1286 non

137 1347 225 1406 stare
249 1347 283 1406 et
312 1340 421 1426 abripi
451 1341 493 1406 ab
517 1341 685 1426 Apolline,
722 1339 840 1404 sedin
868 1339 950 1423 fuga
974 1360 1047 1402 0000
1076 1343 1110 1402 00
1138 1338 1244 1422 recipi
1267 1338 1308 1402 ab

136 1456 307 1543 Apolline.
365 1456 498 1522 Deinde
531 1457 684 1542 Neptuni
716 1461 750 1519 et
784 1455 955 1540 Apollinis
989 1453 1123 1518 habitus
1159 1454 1310 1519 Konstas

136 1574 257 1660 nequit
272 1573 500 1658 interpretari.
546 1573 727 1658 Neptuni
751 1570 860 1656 figura
880 1570 917 1634 iu
941 1576 1063 1656 ectypo
1080 1570 1177 1655 quasi
1193 1569 1308 1634 adum-

136 1690 231 1755 brata
255 1695 388 1756 tantum
413 1695 447 1753 et
470 1689 582 1754 minus
605 1689 733 1753 caelata
757 1709 857 1772 quam
882 1693 1011 1752 ceterae
1035 1708 1198 1772 personae
1216 1685 1308 1751 vide·

135 1813 191 1871 tur
216 1828 299 1888 esse,
335 1812 374 1870 ut
397 1827 484 1870 unus
513 1805 655 1890 quisque
683 1813 875 1888 cognoscat,
910 1803 973 1867 hoc
996 1810 1121 1888 puncto
1146 1802 1307 1887 temporis

134 1923 334 2007 Neptunum
357 1944 393 1985 se
415 1944 551 2006 pugnae
584 1922 651 2006 ipsi
686 1943 754 1985 non
789 1921 989 2003 immiscere,
1029 1919 1087 1983 sed
1122 1941 1249 1983 numen
1274 1925 1308 1982 et
1411 1947 1413 1951 ·

134 2039 298 2104 auxilium
322 2039 394 2103 eius
418 2038 519 2103 sicuti
543 2038 663 2102 ceteris
680 2036 818 2102 Graecis
841 2037 889 2100 ita
913 2036 1015 2100 etiam
1031 2035 1129 2099 Aiaci
1146 2057 1305 2119 praesens

133 2177 214 2220 esse.
262 2155 404 2240 Saepius
428 2159 465 2218 in
488 2153 552 2219 hoc
579 2155 653 2238 ipso
679 2153 819 2217 Homeri
846 2153 932 2216 libro
955 2153 1135 2235 Neptunus
1164 2173 1307 2215 comme-

130 2277 285 2336 moratur
307 2270 461 2335 Achaeos
489 2269 667 2335 cohortans
699 2271 901 2350 (354—3633
932 2267 1098 2345 383-87)
1127 2273 1161 2332 et
1189 2289 1308 2351 aggre-

133 2387 232 2452 diens
256 2387 359 2452 etiam
375 2387 539 2451 Troianos
563 2385 661 2467 (390),
686 2391 724 2448 ut
749 2385 877 2470 optime
900 2385 1024 2448 artifex
1047 2383 1110 2448 hoc
1133 2384 1206 2448 loco
1231 2406 1307 2448 eum

132 2503 350 2569 introducere
373 2502 522 2588 potuerit
546 2501 734 2566 adiutorem
751 2501 877 2566 Aiacis.
916 2501 1040 2586 Apollo
1057 2508 1170 2565 autem
1188 2500 1307 2584 phare·

134 2626 242 2684 tratus
267 2619 433 2704 siquidem
457 2618 520 2683 hoc
544 2618 580 2682 in
603 2617 689 2682 libro
709 2639 778 2682 non
795 2622 1083 2699 commemoratur,
1109 2616 1306 2700 saepissime

133 2741 247 2799 tamen
264 2735 420 2821 sequenti
435 2736 472 2799 in
493 2734 579 2799 libro
600 2733 730 2798 decimo
747 2735 866 2818 quinto
883 2733 1028 2798 occurrit
1044 2733 1141 2797 nobis
1163 2733 1205 2796 ab
1221 2732 1304 2796 love

132 2852 288 2917 Achaeos
317 2853 443 2917 reicere
472 2851 695 2935 Hectorisque
723 2849 920 2914 deficientes
955 2850 1023 2913 iam
1050 2849 1140 2913 vires
1168 2847 1305 2911 reficere

131 2968 256 3032 11100110.
294 2967 483 3033 Brevitatis
508 2989 607 3032 causa
631 2967 736 3051 igitur
759 2967 909 3052 sculptor
932 2965 995 3029 hoc
1019 2965 1092 3029 loco
1108 2963 1304 3049 Apollinem

130 3084 359 3168 intercalavit,
396 3084 483 3168 quod
508 3083 666 3148 Hectoris
695 3082 784 3147 salus
813 3083 865 3146 illi
893 3081 1016 3146 summi
1048 3079 1208 3146 videlicet
1236 3080 1313 3144 mo?

130 3200 242 3264 menti
271 3207 355 3280 erat3
391 3205 566 3284 praeterea
593 3199 774 3284 superioris
806 3198 916 3262 lineae
944 3199 1056 3280 imago
1083 3219 1234 3281 pugnam
1262 3196 1304 3260 ad

130 3339 237 3381 naves
260 3317 350 3401 ipsas
373 3316 584 3380 commissam
609 3315 761 3380 continet
784 3315 898 3395 solam,
923 3313 977 3378 cui
997 3313 1120 3397 Apollo
1144 3312 1210 3376 iam
1236 3335 1305 3377 11011

130 3432 299 3496 interfuit.
374 3433 481 3517 Culpa
526 3453 605 3496 vero
645 3454 713 3495 non
746 3438 817 3494 tam
852 3429 975 3494 artifici
1008 3429 1196 3514 ingerenda
1229 3429 1302 3512 erit,

131 3571 232 3632 quam
256 3549 308 3612 illi
332 3549 414 3631 viro,
440 3549 497 3633 qui
521 3549 607 3612 falsa
630 3547 793 3612 librorum
818 3546 1040 3631 dispositione
1064 3546 1198 3627 singula
1213 3546 1304 3608 iacta

130 3671 204 3728 arte
228 3665 377 3728 11100100
401 3663 615 3729 cohaerentia
638 3665 723 3728 miro
748 3662 894 3748 quodam
918 3662 1017 3728 modo
1042 3663 1179 3726 diremit
1202 3667 1304 3745 atque

129 3780 299 3845 distraxit.

238 4012 355 4077 Libri
390 4011 537 4076 decimi
572 4005 707 4096 quinti
738 4007 794 4096 [0]
838 4012 1019 4076 illustratio
1053 4016 1187 4095 praeter
1221 4011 1303 4073 01100

127 4131 259 4216 optima
283 4129 506 4215 dispositione
530 4135 564 4192 et
588 4129 657 4193 acri
681 4128 864 4212 vividaque
890 4128 1132 4213 compositione
1157 4125 1301 4208 excellit,

126 4254 167 4320 ut
196 4245 361 4319 artificem
389 4246 598 4341 praeclarum
633 4244 800 4342 quoddam
831 4245 1001 4340 exemplar
1035 4242 1207 4308 imitatum
1231 4263 1303 4308 esse
