2872 4912
620 251 838 313 „98-

137 425 381 511 Stesichorum;
404 428 520 494 tabula
540 435 653 494 autem
673 428 776 494 Iliaca
797 427 983 513 significari
1003 427 1150 492 ltaliam.
1198 423 1316 491 Offen-

136 545 197 609 dit
221 545 326 609 enim
350 545 533 630 Seeliger
548 543 592 631 (p.
610 543 666 626 32)
688 545 808 609 etiam
829 544 870 608 in
894 543 1169 629 inscriptione
1182 532 1317 626 Λίνήας

135 651 193 722 oliv
215 659 286 734 τοῖς
315 653 415 735 ἰδίοις
443 649 596 744 ἀπαίρων
623 654 670 734 εἰς
698 652 757 746 τὴν
781 649 1007 743 (Εσπερίαιη
1036 657 1099 723 sub
1127 681 1214 724 voce
1240 646 1314 718 ‘Eo-

135 768 236 860 περία
278 777 413 842 Italiam
458 778 627 862 intellegi;
667 778 802 842 ltaliam
846 783 958 842 autem
1001 773 1315 841 Alexandrinorum

136 892 270 958 demum
306 894 517 975 temporibus
552 893 755 979 Hesperiam
795 893 1000 980 appellatam
1036 914 1118 958 esse.
1160 927 1202 936 -
1246 891 1313 957 Suo

134 1010 208 1075 iure
247 1010 334 1075 mihi
374 1010 525 1093 Seeliger
563 1010 767 1095 Dionysium
809 1008 1142 1074 Halicarnassensem
1183 1008 1312 1073 reicere

134 1127 271 1191 videtur
295 1127 343 1191 sic
367 1127 594 1211 explicantem
618 1124 753 1210 (1,35):
782 1117 831 1186 Tei
861 1119 896 1186 de*
923 1115 991 1208 πρὸ
1017 1115 1141 1185 τούτων
1158 1112 1313 1209 Ἕλληνες

134 1237 193 1320 μὲν
213 1231 390 1327 Ἑσπερίαν
413 1236 470 1303 καὶ
493 1231 665 1303 Αὐσονίαν
688 1231 789 1328 αὐτὴν
812 1242 847 1324 (i.
866 1265 893 1306 e.
918 1233 977 1326 τὴν
997 1229 1148 1320 Ἰταλίαν)
1173 1232 1314 1302 darrileio

136 1351 166 1419 ci
197 1355 224 1418 δ’
250 1350 425 1442 ἐπιχώριοι
455 1351 663 1440 Σατουρνίαν.
712 1358 795 1437 Quis
830 1364 942 1423 autem
971 1358 1166 1442 contendet,
1194 1357 1314 1423 tabula

133 1475 241 1560 ipsius
265 1475 448 1541 Stesichori
466 1466 571 1541 verba
587 1475 730 1560 exprimi
753 1474 1025 1540 accuratissime?
1049 1480 1131 1539 tunc
1148 1496 1313 1540 versuum

132 1597 266 1656 tantum
282 1593 473 1676 fragmenta
490 1593 643 1656 inessent
659 1592 697 1656 in
714 1591 844 1656 tabula!
885 1590 951 1668 Qui
968 1589 1154 1656 Stesichori
1171 1613 1313 1655 carmen

133 1709 312 1794 excerpsit,
336 1730 413 1772 eum
433 1708 496 1773 hoc
520 1708 667 1772 termino
688 1696 847 1790 Ἑσπερία
870 1729 968 1772 usum
992 1729 1065 1771 esse
1082 1705 1171 1788 dico;
1199 1729 1314 1792 neque

133 1824 189 1888 hio
217 1825 352 1888 Italiam
388 1825 492 1888 solam
528 1824 728 1909 Hesperiam
757 1823 855 1906 dixit,
892 1823 981 1908 quod
1008 1823 1108 1888 rebus
1136 1845 1180 1886 ne
1206 1824 1314 1909 plane

134 1941 272 2025 quidem
296 1939 526 2027 responderet,
558 1940 616 2004 sed
641 1962 701 2004 suo
726 1940 865 2005 oonsilio
890 1941 1053 2004 incertam
1077 1961 1197 2004 vocem
1224 1941 1314 2004 Hes·

132 2057 269 2140 pariam,
294 2056 329 2120 id
354 2063 406 2120 est
433 2063 556 2121 terram
580 2057 636 2122 vel
663 2057 778 2142 potius
808 2063 915 2120 terras
939 2055 981 2120 ad
1009 2077 1190 2141 vesperum
1217 2057 1313 2139 sitae,

133 2173 254 2236 ceteris
293 2173 406 2237 verbis
444 2173 616 2257 praetulit,
653 2181 692 2236 ut
727 2173 864 2237 Aeneae
900 2194 1027 2236 errores
1062 2194 1178 2236 omnes
1208 2173 1313 2238 unius

132 2289 225 2354 vocis
249 2289 417 2354 brevitate
441 2289 729 2375 complecteretur.
777 2289 973 2353 Himeraeos
1002 2287 1125 2352 deinde
1154 2310 1174 2351 a
1204 2289 1312 2354 finiti·

131 2405 196 2468 mis
220 2405 308 2470 bello
332 2428 465 2490 pressos
489 2428 562 2470 esse
586 2406 705 2490 negari
729 2427 800 2470 non
823 2411 948 2490 potest,
972 2427 1052 2470 nam
1077 2404 1249 2469 eiusmodi
1276 2408 1310 2470 in

132 2522 300 2605 angustiis
317 2544 393 2586 cum
417 2522 591 2586 Himeraei
615 2522 704 2586 circa
728 2543 855 2586 annum
879 2521 1197 2606 quingentesimum
1214 2544 1309 2586 sexa·

129 2638 296 2721 gesimum
324 2637 486 2703 Phalarin
522 2638 831 2724 Agrigentinorum
865 2644 1048 2722 tyrannum
1076 2638 1113 2702 in
1142 2639 1309 2704 auxilium

131 2775 251 2818 vocare
286 2754 423 2836 vellent,
466 2755 696 2820 Stesichorum
730 2754 799 2818 illis
833 2776 877 2818 ne
916 2755 1069 2818 facerent
1104 2754 1308 2820 dissuasisse

130 2869 274 2934 tradidit
308 2866 578 2954 Aristoteles‚2¹2)
618 2893 711 2954 cum,
731 2871 945 2935 notissimam
986 2870 1079 2935 illam
1116 2869 1158 2934 de
1196 2893 1307 2953 cerva,

130 3007 226 3070 eque,
251 2987 387 3051 homine
410 2988 560 3052 fabulam
585 2987 711 3053 civium
740 3009 877 3052 suorum
901 2992 980 3050 ante
1009 2987 1123 3051 oculos
1151 2994 1307 3071 poneret,

130 3124 229 3186 quam
264 3103 413 3168 fabulam
448 3103 617 3188 Bergkiue
654 3103 790 3188 quidem
826 3103 877 3184 (P.
902 3103 940 3167 L.
967 3102 1008 3167 G.
1033 3101 1096 3183 111,
1124 3124 1158 3188 p.
1185 3105 1308 3182 233le

130 3218 318 3283 Stesichori
341 3220 529 3284 carminum
552 3220 707 3305 reliquiis
731 3217 947 3284 eximendam
963 3241 1037 3284 esse
1061 3225 1189 3283 censet.
1240 3221 1307 3286 Sed

129 3336 431 3420 quomodocunque
455 3359 509 3399 res
534 3358 569 3399 se
593 3336 730 3419 habent,
755 3337 956 3419 Elymorum
980 3341 1014 3399 et
1044 3335 1307 3402 Himeraeorum

129 3450 330 3515 inimicitiae
365 3475 578 3537 nequaquam
611 3452 851 3533 Stesichorum,
888 3451 976 3516 sicut
1005 3451 1157 3536 Seeliger
1189 3453 1305 3518 existi·

129 3567 246 3650 mavit,
271 3567 448 3652 prohibere
464 3575 657 3654 potuerunt,
676 3568 855 3653 quominus
872 3567 908 3632 in
925 3567 1132 3633 carminibus
1148 3568 1306 3648 „hostem

130 3680 356 3747 Graecorum“
386 3685 537 3749 Aeneam
565 3685 758 3766 celebraret,
787 3707 864 3749 nam
895 3685 969 3748 sine
998 3683 1101 3749 dubio
1129 3684 1306 3751 Himeraei

93 3842 98 3855 ,
129 3807 245 3864 contra
272 3800 413 3884 Elymos
440 3823 509 3866 non
537 3809 574 3865 ut
604 3801 727 3866 Graeci
756 3809 874 3866 contra
903 3801 1066 3866 Troianos
1093 3799 1187 3866 bella
1211 3825 1306 3886 gere·

130 3915 221 3980 bant.
264 3916 383 4001 Neque
400 3917 491 3981 enim
508 3917 726 4000 Thucydides
742 3918 904 4002 narravit,
923 3918 1064 4002 Elymos
1080 3917 1306 3986 Troianorum

127 4030 422 4118 Phocensiumque
439 4033 639 4118 progeniem
658 4034 774 4116 fuisse,
800 4034 966 4118 quomodo
983 4032 1136 4117 Scaliger
1152 4037 1305 4123 scripsit:

231 4280 294 4347 212)
313 4280 397 4331 Arist.
418 4278 499 4332 Rhet.
520 4280 558 4354 ll,
578 4280 624 4344 ‘203
645 4279 715 4332 Hor.
734 4280 785 4350 Ep.
798 4279 821 4345 I,
844 4282 883 4344 10,
903 4279 1021 4344 34-3&
1042 4278 1149 4334 Conon.
1169 4300 1248 4338 narr.
1268 4284 1308 4338 4⁴2.
