2872 4912
695 270 912 334 -12-

223 448 471 532 sculpturarum
499 448 628 532 primus
652 448 788 513 videtur
810 447 993 525 invenisse,
1022 445 1230 510 Theodoro
1259 445 1393 531 dispo·

224 563 319 628 sitio
343 573 460 648 atque
484 563 578 629 ordo
606 563 835 629 tabularum
863 570 1088 628 nostrarum
1120 562 1309 644 debetur,
1338 562 1392 647 qui

223 679 351 763 primus
380 680 495 745 docuit
521 703 574 744 res
602 681 722 744 Iliacas
750 681 812 745 tali
841 679 1035 757 modoyuna
1062 678 1211 762 imagine
1242 679 1301 743 vel
1329 701 1392 742 uno

224 801 345 880 ectypo
360 796 653 882 comprehendere.
698 797 781 861 Plus
796 819 814 860 e
827 795 940 861 verbis
957 795 1218 881 inscriptionum
1234 795 1391 879 colligere

223 911 282 974 vix
304 910 430 976 licebit.

329 1028 488 1093 Fortasse
527 1035 586 1093 aut
624 1028 819 1093 Theodorus
863 1029 936 1114 ipse
972 1036 1030 1093 aut
1064 1033 1230 1092 mercator
1271 1026 1390 1111 aliquis

223 1149 379 1208 strenuus
389 1143 625 1229 studiosusque
634 1145 685 1209 rei
697 1144 907 1229 quaerendae
918 1144 1004 1208 hanc
1017 1129 1214 1230 ectyporum
1225 1142 1390 1208 rationem

224 1258 455 1325 Theodoream
491 1282 532 1324 ex
566 1261 696 1325 oriente
729 1297 770 1305 -—
805 1283 848 1324 an
882 1260 1081 1345 Aegyptum
1115 1257 1245 1324 indicat
1278 1280 1389 1343 super-

222 1396 407 1440 vacaneum
431 1375 515 1440 illud
539 1376 608 1440 iota
632 1377 784 1461 ratioque
813 1375 1024 1440 litterarum?
1049 1411 1090 1419 *-
1115 1375 1259 1439 Romam
1283 1381 1389 1439 trans·

222 1492 382 1579 portavit,
409 1497 448 1556 ut
475 1492 604 1556 luorum
632 1494 759 1556 iaceret
786 1493 1015 1556 Romanorum
1044 1491 1224 1574 indulgens
1259 1490 1389 1572 studiis,

223 1628 298 1669 cum
342 1607 560 1692 imperatores
603 1608 770 1691 originem
813 1629 907 1672 suam
950 1612 1144 1692 repeterent
1181 1606 1223 1671 ab
1263 1606 1388 1672 Aenea.

223 1721 379 1786 Tiberius
402 1729 441 1787 ut
464 1724 653 1808 exemplum
677 1724 814 1788 afferam
842 1724 1020 1807 „notitiam
1044 1722 1206 1788 historiae
1229 1723 1389 1788 fabularis

222 1860 327 1923 usque
356 1838 398 1904 ad
426 1839 572 1925 ineptias
596 1847 697 1924 atque
726 1840 875 1904 derisum
904 1835 1062 1904 curabat“
1092 1838 1198 1920 (Suet.
1224 1839 1300 1903 Tib.
1328 1839 1389 1920 70),

223 1960 323 2038 atque
347 1955 518 2038 elegantia
540 1955 780 2040 urbanitasque
804 1956 872 2020 illis
900 1930 1111 2040 temporibris
1145 1955 1390 2039 possessionem

223 2071 382 2154 imaginis
406 2079 465 2136 aut
493 2072 607 2157 eotypi
630 2072 727 2135 Iliaci
754 2072 909 2155 flagitare
937 2071 1130 2154 videbatur,
1159 2070 1195 2134 id
1219 2071 1310 2155 quod
1335 2071 1390 2137 Vi-

224 2187 329 2250 truvii
343 2187 387 2279 de
411 2187 636 2252 architectura
652 2187 731 2252 libri
755 2187 882 2269 (VHp)
906 2188 1089 2251 ostendunt
1113 2194 1214 2271 atque
1237 2187 1391 2252 Petronii

223 2302 306 2380 (Sat.
324 2302 380 2382 29)
404 2303 560 2368 inficetus
584 2304 642 2367 ille
663 2303 879 2367 Trimalchio
917 2303 999 2368 Sine
1023 2303 1236 2368 dubitatione
1261 2303 1392 2368 tabulas

223 2417 300 2481 illas
329 2419 431 2483 etiarn
459 2419 502 2483 ad
531 2419 754 2484 erudiendum
786 2425 881 2504 aptas
912 2441 984 2483 esse
1015 2414 1231 2498 concedas.³²)

330 2535 462 2599 Prima
478 2543 712 2620 ectyporum
727 2535 970 2620 exemplaria
986 2536 1113 2600 fuisse
1126 2535 1275 2600 maiora
1292 2558 1391 2620 quam

222 2650 356 2715 tabulae
380 2651 422 2714 ad
445 2651 640 2715 memoriam
665 2660 815 2716 nostram
839 2657 1054 2736 propagatae,
1079 2651 1180 2736 clipei
1204 2651 1392 2717 Theodorei

223 2789 240 2829 e
264 2768 455 2850 fragmento
472 2767 540 2851 illo,
566 2767 655 2852 quod
671 2763 974 2846 Bienkowskius³³)
991 2767 1109 2850 edidit,
1135 2767 1320 2832 manifesto
1337 2791 1391 2852 ap·

221 2889 326 2967 paret,
351 2883 445 2947 cuius
468 2883 505 2947 in
529 2883 680 2968 margine
704 2891 840 2968 propter
864 2884 1132 2948 attenuationem
1156 2883 1249 2947 illam
1276 2906 1390 2948 versus

222 3000 362 3062 Homeri
388 2999 439 3078 (Il.
456 3000 576 3082 XIIX,
597 3000 785 3080 483-6081
806 3000 907 3064 nudis
928 3000 1033 3064 oculis
1053 3021 1122 3064 non
1142 3000 1210 3063 iarn
1232 3000 1390 3084 cognosci

221 3122 376 3199 possunt:
400 3115 616 3202 Exemplaria
636 3116 744 3202 prima
767 3117 804 3180 in
828 3117 940 3180 minus
964 3116 1111 3201 spatium
1134 3116 1275 3181 reducta
1290 3123 1390 3202 atque

221 3231 337 3296 crebro
360 3233 585 3317 multiplicata
608 3238 697 3316 sunt,
725 3239 763 3296 ut
792 3255 892 3317 quam
920 3233 1086 3296 vilissimo
1115 3232 1225 3317 pretio
1254 3240 1391 3318 possent

222 3348 348 3412 venire.
395 3349 448 3412 Ex
472 3349 576 3413 altero
601 3349 747 3433 denique
772 3349 873 3434 clipei
897 3350 1089 3433 fragmento
1113 3346 1390 3414 aBienkowskio

222 3463 313 3528 edito
351 3465 383 3544 (l.
412 3466 434 3528 l.
463 3465 531 3529 tab.
572 3464 648 3549 VI),
690 3466 779 3549 quod
814 3487 975 3550 personas
1009 3464 1203 3548 figurasque
1239 3466 1391 3530 continet

221 3581 393 3666 aliquanto
409 3581 562 3665 maiores,
587 3604 685 3667 quarn
703 3589 814 3646 cetera
830 3590 962 3667 ectypa,
984 3603 1185 3664 cognoscere
1201 3603 1390 3666 possumus,

118 3755 120 3759 .
222 3720 287 3782 qua
320 3699 392 3761 fere
426 3698 555 3762 ratione
590 3699 795 3783 exemplaria
824 3698 883 3762 illa
910 3698 1020 3782 prima
1054 3697 1228 3781 exsculpta
1263 3699 1392 3762 fuerint

221 3820 321 3898 atque
344 3813 521 3879 elaborata.

327 4026 371 4087 3⁵2)
401 4025 464 4091 Qua
490 4025 524 4078 de
551 4042 580 4077 rc
606 4024 782 4078 dissentiunt:
811 4025 981 4094 Marquardt,
1010 4025 1182 4078 Privatlehcn
1211 4024 1238 4078 d.
1268 4026 1385 4082 Roemer

220 4133 246 4185 p.
268 4116 334 4179 1103
363 4115 581 4178 Roilformhcirlt,
610 4114 712 4167 Annali
741 4115 803 4167 doll'
832 4115 900 4167 Inst.
920 4116 1032 4180 XXIV,
1060 4133 1086 4184 p.
1109 4115 1170 4178 r]·2;
1200 4114 1324 4176 Platnen
1344 4118 1392 4170 Be·

220 4204 352 4273 schreibg.
371 4205 397 4258 d.
418 4205 499 4258 Starlt
517 4205 588 4258 Rom
610 4205 769 4269 1111111.
790 4205 845 4269 ΙΙΙ,
867 4208 889 4270 Ι,
909 4223 935 4274 p.
958 4208 1020 4270 ll73
1050 4204 1191 4257 Michaelis
1216 4204 1293 4274 apud
1313 4206 1393 4271 Iahn,

218 4295 236 4347 l.
255 4295 273 4347 l.
292 4313 319 4365 p.
339 4295 373 4349 86
392 4312 462 4364 sqq.;
483 4313 508 4364 p.
528 4296 570 4348 91.
590 4327 623 4333 -
644 4296 688 4355 331
707 4295 724 4347 Ι.
744 4295 762 4354 Ι,
781 4313 807 4365 p.
827 4294 888 4361 ⁶201,
907 4294 962 4348 tab.
982 4294 1034 4352 IV.
