2872 4912
700 263 830 322 —80

220 439 254 496 et
277 431 533 514 Eustathius,
562 456 580 496 e
604 434 726 519 quibus
749 435 807 498 ille
830 435 960 499 nomini
985 436 1176 500 adnotavit:
1207 425 1322 507 δειλός
1346 415 1394 519 rim

219 548 288 612 hie:
325 537 405 632 ἀνὴρ
433 537 492 632 ἠύς
520 568 555 608 τε
581 543 683 629 μέγας
713 570 745 610 τε
768 533 816 635 ἦν,
852 543 948 624 εἰδώς
972 545 1169 637 πυγμαχίης,
1203 543 1281 624 οἶός
1303 553 1394 610 Παν-

220 664 340 748 οπῆος·
376 653 508 737 Ἐπειὸς
531 657 639 738 δειλός
660 660 770 743 μέντοι
797 661 853 727 καὶ
878 655 1048 745 ἀπόλεμος
1069 656 1113 740 ὡς
1129 661 1186 727 καὶ
1202 658 1394 752 Λυκόφρων

219 772 352 863 ἱστορεῖ.
416 781 564 859 Quorum
602 787 744 867 uterque
782 784 924 848 fortasse
963 792 1136 869 permotus
1175 790 1229 848 est
1267 783 1392 869 Lyco·

218 897 386 981 phronis
411 897 565 963 versibus
588 897 641 962 his
665 897 775 980 (Alex.
795 901 977 980 ele—esu

788 1006 926 1100 φύξηλιν
950 1062 957 1075 .
983 1062 990 1075 .
1017 1062 1024 1075 .
1049 1006 1184 1098 σπόρον,

379 1121 506 1214 πύκτην
521 1124 580 1208 μὲν
596 1121 727 1206 ἐσθλόν,
752 1130 871 1192 πτῶκα
895 1128 923 1191 d’
949 1126 983 1191 ἐν
1004 1123 1109 1213 κλόνῳ
1133 1122 1240 1215 δορός,

377 1241 433 1306 καὶ
457 1243 600 1306 πλεῖστα
622 1241 749 1323 τέχναις
773 1236 988 1333 ὠφελήσαντα
1011 1239 1159 1331 στρατόν.

218 1363 327 1428 Simul
350 1363 455 1448 patris
480 1363 630 1448 Panopei
653 1364 840 1449 periurium
864 1387 997 1429 eausam
1026 1365 1159 1429 rettulit
1175 1363 1392 1450 Lycophron,

218 1501 276 1543 our
299 1479 432 1564 Epeum
455 1479 565 1543 filium
590 1480 638 1544 dii
662 1470 800 1563 φύξηλιν
828 1487 862 1544 et
886 1472 993 1541 δειλόν
1015 1479 1255 1563 reddidissent,
1294 1503 1394 1566 quam

217 1617 287 1659 rem
312 1595 519 1680 amplissime
544 1596 701 1680 exposuit
717 1596 857 1660 Tzetzes
881 1591 1134 1674 scholiasta¹⁷⁷l
1171 1596 1265 1674 Quin
1292 1597 1393 1662 etiam

217 1734 271 1775 res
296 1733 334 1776 eo
360 1711 505 1775 deducta
529 1718 590 1793 est,
614 1717 654 1775 ut
677 1734 768 1776 mero
792 1713 880 1797 Epei
903 1713 1040 1777 nomine
1064 1713 1219 1776 homines
1244 1713 1394 1799 appella·

217 1836 334 1892 rentur
356 1826 471 1891 timidi
495 1835 596 1912 atque
619 1828 738 1911 ignavi
762 1828 935 1912 Hesychio
959 1827 999 1910 (s.
1023 1828 1069 1907 v.)
1094 1836 1128 1892 et
1151 1827 1260 1892 Suida
1292 1828 1332 1910 (s.
1350 1828 1394 1906 v.)

217 1944 369 2008 testibus.
418 1944 503 2008 Cum
527 1953 639 2008 autem
664 1943 918 2009 Stesichorus
943 1937 1193 2031 scripserit¹⁷⁶):

645 2048 777 2141 ᾤκτειρε
800 2052 861 2143 γαρ
885 2049 985 2121 αὐτόν

402 2164 489 2258 ὕδωρ
512 2164 565 2236 ἀεὶ
589 2169 749 2259 φορέοντα
773 2168 855 2249 Διὸς
878 2167 979 2258 κούρα
1001 2171 1201 2255 βασιλεῦσιν,

216 2292 299 2356 liaeo
333 2291 435 2356 verba
470 2292 518 2356 sie
550 2292 723 2376 intellego,
759 2291 947 2356 Minervam
975 2293 1062 2378 Epei
1097 2292 1305 2377 miseritam,
1342 2293 1391 2358 oui

217 2409 316 2493 eulpa
338 2408 553 2493 periurioque
576 2408 683 2494 petris
709 2409 866 2492 ignaviae
896 2431 972 2472 eum
996 2407 1177 2494 opprobrio
1201 2409 1298 2475 servi
1322 2410 1388 2474 fere

216 2526 352 2589 fortuna
388 2524 578 2608 obtigisset,
616 2525 657 2607 ei,
692 2533 731 2588 ut
768 2526 894 2589 famam
923 2533 1025 2609 atque
1053 2524 1298 2590 auetoritatsm
1323 2526 1388 2590 eius

216 2641 422 2722 restitueret,
447 2640 602 2723 suasisse,
637 2645 675 2703 ut
699 2662 785 2725 equo
809 2641 924 2723 ligneo
949 2645 1118 2705 exstructo
1146 2640 1267 2724 itaque
1291 2641 1388 2706 Troia

216 2779 276 2842 per
293 2779 369 2820 eum
386 2763 482 2841 capta
499 2757 642 2841 gloriam
659 2755 725 2820 sibi
741 2763 952 2842 compararet
968 2749 1213 2836 aeternam.¹⁷⁸)
1251 2758 1387 2844 Apollo·

216 2873 318 2938 dorus
341 2872 396 2956 (V,
416 2875 470 2954 14)
495 2872 633 2957 quidem
657 2880 691 2935 et
715 2871 857 2936 Tzetzes
881 2871 1011 2949 (Posth.
1029 2871 1195 2950 631-33)
1220 2872 1266 2938 ab
1289 2873 1388 2939 Ulixe

216 2991 296 3075 equi
335 2989 448 3054 dolum
488 2989 667 3052 inventum
706 3010 778 3053 esse
817 2987 1041 3052 tradiderunt.
1102 2987 1201 3052 Idem
1242 2987 1387 3066 Quintus

216 3106 330 3188 (XIII,
348 3105 493 3187 23-46)
530 3105 572 3168 de
595 3105 698 3170 Ulixe
733 3103 893 3186 narravit,
929 3126 1005 3168 eum
1040 3103 1083 3168 ad
1105 3104 1253 3189 Elpeum,
1292 3126 1387 3191 quem

215 3222 289 3308 ipsa
311 3222 467 3287 Minerva
491 3243 627 3307 operam
656 3221 772 3285 docuit
799 3219 954 3284 fabrilem
979 3219 1073 3302 (XII,
1098 3221 1257 3300 77-80)‚
1287 3242 1388 3306 equus

215 3337 440 3424 perficiendus
465 3337 649 3420 deferatur3
679 3338 738 3401 sed
767 3337 840 3422 ipse
865 3336 1012 3413 Quintus
1037 3334 1198 3400 sibinen
1222 3338 1387 3423 constitit,

216 3455 374 3540 quoniam
402 3455 516 3540 paullo
544 3454 635 3518 infra
658 3453 754 3536 (XII,
774 3453 939 3529 101-17)
963 3452 1118 3516 Minerva
1148 3474 1166 3515 e
1196 3454 1294 3518 eaelo
1318 3475 1387 3540 pro

214 3571 358 3657 pinquat
371 3571 465 3655 Epeo
478 3569 669 3652 dormienti,
688 3591 788 3654 quem
803 3569 898 3633 iubet
914 3590 1037 3653 equum
1054 3567 1208 3652 ligneum
1223 3575 1387 3645 extruere,
1426 3564 1428 3571 ’

216 3710 282 3772 quo
298 3688 335 3751 in
351 3709 450 3772 opere
466 3686 541 3771 ipsa
556 3686 652 3750 illum
669 3685 744 3749 vult
757 3684 931 3767 adiuvare3
946 3683 1070 3748 deinde
1086 3684 1202 3767 Epeus
1221 3687 1387 3751 somnium

215 3826 312 3868 suum
336 3804 443 3867 refert
478 3801 619 3866 ducibus
647 3801 778 3866 laetitia
807 3800 1064 3880 exsultantibus,
1094 3800 1154 3884 qui
1177 3802 1303 3868 statim
1326 3825 1387 3868 ma·

214 3920 335 3984 teriam
352 3918 476 3983 advehi
492 3916 612 3982 iubent
627 3918 668 3981 ad
686 3939 808 4002 equum
830 3916 1079 3999 exstruendum,
1106 3915 1204 3981 ouius
1222 3925 1387 3986 structura

324 4192 384 4258 177)
402 4191 491 4243 Tzetn
510 4190 537 4241 in
552 4189 724 4259 Lycophrou.
744 4189 821 4242 Alex.
842 4189 925 4242 9300.
944 4187 1169 4242 oeterissoholiis.
1190 4221 1227 4229 —-
1250 4194 1316 4258 178)
1336 4193 1388 4249 See*

212 4282 288 4352 liger,
307 4281 324 4334 l.
343 4281 361 4333 l.
380 4299 406 4350 p.
425 4281 539 4334 34-35.
