2872 4912
620 258 838 323 „93-

133 435 256 499 eodem
279 437 441 520 temporis
465 445 636 502 momento
660 438 806 502 eundern
829 437 1089 522 Neoptolemum
1106 437 1143 502 in
1166 444 1308 522 utraque

134 572 213 614 arae
237 562 333 636 parte
362 553 648 638 conspiceremus!
695 553 762 617 Sed
787 554 862 638 quis
891 554 973 617 haec
1003 555 1115 617 omnia
1137 554 1310 618 narravit?

134 689 349 752 nequaquam
374 670 575 734 Pausanias!
600 693 619 734 o
644 670 763 734 miram
789 669 957 754 quandam
975 671 1127 734 Konstae
1148 670 1308 734 divinati-

135 805 246 866 onem,
291 807 375 869 quae
415 785 496 849 haec
538 787 652 850 omnia
690 809 707 849 e
743 787 876 850 tantula
914 786 1102 850 Pausaniae
1140 786 1309 850 sententia

135 900 381 966 enucleaverit!
418 902 475 966 An
493 902 669 986 quisquam
688 902 828 967 aliusea
844 902 1016 967 narravit?
1056 901 1153 979 Quod
1170 902 1309 966 Hecuba

135 1038 246 1100 neque
259 1017 395 1082 Arctini
411 1018 446 1082 in
459 1019 661 1103 iliuperside
673 1019 848 1084 nominata
862 1024 913 1082 est
924 1018 1014 1082 inter
1025 1018 1186 1104 captivas,
1200 1040 1308 1102 neque

135 1154 155 1195 a
179 1133 372 1218 Polygnoto
403 1134 537 1220 depicta
564 1135 632 1198 fuit
656 1135 692 1198 in
720 1134 832 1199 lescha
861 1134 1069 1219 Delphorum
1093 1135 1172 1213 (fuit
1196 1140 1309 1198 autem

135 1249 279 1313 fortasse
293 1249 446 1336 depicta),
461 1251 543 1336 quid
557 1251 680 1315 attinet
693 1231 734 1314 ad
748 1250 999 1316 Stesichorum?
1034 1249 1147 1314 Aliam
1159 1249 1308 1314 fabulam

134 1365 240 1447 illam,
269 1388 370 1450 quam
394 1367 516 1432 artifex
539 1368 682 1431 fortasse
706 1376 840 1431 secutus
864 1366 918 1449 sit,
953 1367 1067 1430 nescio
1091 1389 1134 1430 an
1158 1366 1308 1431 Konstas

134 1482 313 1568 Euripidis
338 1483 463 1547 dixerit
487 1483 688 1568 tragoedias,
714 1483 816 1546 sicuti
833 1482 1017 1566 Scaliger
1040 1481 1085 1567 (p.
1104 1484 1157 1560 36)
1175 1503 1309 1566 quoque

132 1597 309 1662 iudicavit.
356 1598 404 1663 At
432 1600 547 1663 multis
575 1601 658 1664 locis
683 1599 877 1664 Stesichoro
902 1621 938 1662 se
962 1599 1147 1683 applicasse
1171 1598 1308 1682 Euripi-

132 1714 214 1778 dem
233 1737 306 1779 cum
324 1738 361 1778 re
386 1711 523 1800 ipsam)
548 1715 780 1781 tum‘scholiis
808 1715 968 1800 probatur
984 1713 1190 1799 Euripideis.
1241 1714 1310 1778 Our

131 1830 243 1914 igitur
255 1854 323 1896 non
339 1832 401 1895 boc
415 1832 509 1896 loco?
527 1832 648 1916 quidni
661 1832 836 1896 Hecubam
853 1831 1008 1896 omnibus
1032 1831 1132 1894 rebus
1156 1829 1307 1893 adversis

130 1948 359 2034 perfunctam,
383 1955 563 2033 postquam
579 1949 714 2013 Troiam
730 1948 820 2013 vidit
841 1956 983 2032 captam,
1008 1947 1166 2028 dirutam,
1191 1946 1307 2009 incen-

129 2086 215 2145 sam,
240 2063 327 2128 filias
351 2064 440 2128 filios
464 2065 697 2150 interemptos
723 2065 932 2150 Polyxenam
957 2085 997 2127 ex
1014 2063 1172 2149 amplexu
1188 2062 1307 2126 immo-

129 2179 270 2244 landam
295 2181 441 2263 ductam,
466 2204 483 2244 e
507 2181 613 2245 tantis
637 2180 734 2244 malis
758 2189 839 2244 tunc
865 2180 1000 2244 demum
1029 2179 1064 2244 in
1089 2179 1231 2263 Lyciam
1256 2200 1306 2241 se-

131 2295 233 2360 duxit
256 2297 378 2382 Apollo
415 2296 503 2382 apud
527 2297 767 2378 Stesichorum,
803 2318 846 2361 ne
881 2296 1003 2360 mulier
1036 2317 1085 2378 ea,
1121 2316 1205 2378 quae
1240 2293 1307 2379 ipsi

130 2413 308 2496 genuisset
323 2408 576 2494 Hectorem2⁰⁶l,
593 2413 653 2477 ulli
668 2413 742 2476 viro
767 2412 960 2496 obtingeret
982 2433 1079 2476 serva
1103 2420 1163 2475 ant
1187 2432 1306 2474 concu-

130 2529 234 2592 bina?
287 2531 381 2594 Haec
409 2530 646 2616 interpretatio
681 2551 790 2614 neque
824 2528 867 2592 ab
896 2537 967 2592 arte
994 2528 1128 2612 poetica
1152 2548 1305 2611 nequea

129 2644 371 2730 probabilitate
389 2645 525 2711 videtur
538 2646 732 2728 abhorrere;
758 2651 859 2730 atque
876 2645 995 2709 eodem
1010 2645 1082 2708 fere
1099 2642 1198 2707 modo
1215 2641 1303 2705 iudi-

131 2761 225 2826 cavit
249 2763 388 2827 Carolus
405 2757 632 2841 Robert²⁰⁷):
657 2764 802 2848 Propter
822 2760 1007 2844 Hecubam,
1032 2760 1081 2824 ait
1098 2760 1135 2823 in
1160 2758 1303 2844 captivis

130 2879 302 2964 depictam
338 2879 471 2943 tabulae
506 2878 608 2943 fidem
643 2901 854 2964 nequaquam
894 2876 1013 2957 minui,
1052 2898 1162 2960 neque
1199 2875 1303 2939 ullam

130 3017 266 3059 causam
291 3017 374 3078 esse,
400 3018 459 3060 cur
482 2996 616 3060 tabulae
633 2995 669 3058 in
686 2995 944 3081 inscriptionem
958 2982 1054 3052 Ἰλίου
1078 2985 1196 3074 πέρσις
1219 2981 1304 3050 κατὰ

129 3103 331 3195 Σῑησίχορον
353 3093 467 3197 aliqua
495 3112 679 3176 inferretur
714 3111 873 3196 suspicio;
921 3110 1095 3195 Polyxena
1130 3107 1304 3171 immolata

129 3228 268 3292 demum
293 3228 468 3292 Hecubam
492 3229 533 3292 ab
557 3226 716 3312 Apolline
741 3227 942 3291 subductam
977 3247 1048 3289 esse
1085 3223 1174 3310 apud
1199 3222 1303 3287 Stesi-

129 3344 280 3408 chorum.
337 3342 434 3420 Quod
469 3365 549 3409 vcro
573 3343 756 3426 Scaliger
781 3364 913 3426 quoque
938 3342 974 3406 in
998 3363 1071 3405 eam
1096 3339 1303 3404 sententiam

129 3459 338 3540 inclinasset,
378 3459 467 3546 apud
502 3466 636 3544 poetam
672 3465 827 3522 nostrum
862 3457 1037 3522 Hecubam
1073 3456 1113 3520 ab
1142 3455 1303 3540 Apolline

128 3576 351 3662 Neoptolemo
375 3575 488 3641 caedis
513 3574 635 3660 cupido
660 3581 810 3660 ereptam
835 3595 917 3656 esse,
941 3594 1011 3637 non
1028 3573 1093 3637 sibi
1108 3572 1301 3638 constitisse

237 3831 299 3899 205)
318 3832 433 3886 Maxim.
453 3831 556 3899 Meyer,
575 3831 593 3883 l.
612 3830 630 3882 l.
649 3847 675 3900 p.
696 3832 727 3882 51
747 3828 815 3881 haec
833 3828 952 3899 scripsit:
976 3825 1146 3898 Iliupersidis
1166 3825 1302 3880 Stesicho-

127 3940 189 3976 reac
208 3922 358 3975 certissima
376 3922 404 3973 in
422 3920 575 3974 Troadibus
594 3919 746 3973 deteximus
766 3917 891 3987 vestigia}
920 3936 947 3988 p.
967 3919 1013 3971 58:
1033 3917 1112 3970 Unus
1131 3915 1301 3970 Stesichorus

127 4014 217 4066 multa
235 4012 259 4064 ei
279 4019 324 4081 (sc.
343 4010 481 4082 Euripidi)
500 4009 687 4081 suppeditasse
706 4009 782 4076 isque
800 4008 920 4060 maximo
938 4007 1029 4060 studio
1047 4006 1204 4058 Troioarum
1223 4005 1302 4058 fabu-

127 4103 217 4156 larum
237 4101 327 4154 dcnuo
346 4119 407 4154 eum
426 4100 579 4170 implevisse
597 4098 713 4152 videtur.
736 4128 763 4135 —
794 4097 856 4160 266)
875 4098 963 4149 Tzetz.
983 4097 1010 4148 in
1030 4094 1203 4165 Lycophron.
1222 4094 1300 4146 Alex.

126 4211 151 4247 v.
172 4192 225 4246 266
243 4216 279 4236 =
298 4191 394 4260 Bergk,
424 4189 492 4244 Stcs.
512 4189 592 4258 frgrn.
612 4189 654 4242 oo.
688 4219 721 4225 -—
753 4187 816 4253 ⁴207)
836 4186 889 4239 Dic
910 4186 989 4257 lliup.
1009 4185 1035 4238 d.
1055 4185 1199 4254 Polygnot,
1219 4184 1303 4236 Helle

128 4285 206 4347 1893,
226 4299 251 4352 p.
273 4285 305 4334 Τι’)
324 4299 347 4334 c.
366 4285 432 4334 nota
453 4281 493 4333 16.
