2872 4912
606 264 732 328 —dl

131 466 205 508 non
243 443 488 527 Astyanactem
535 441 593 506 sed
632 464 769 507 manum
808 442 901 505 illam
940 439 1146 526 exsculptam
1186 437 1302 502 fuisse.

132 560 229 637 Quae
252 560 300 623 ita
329 581 412 642 6666,
450 582 488 622 ea
524 557 565 622 de
601 581 699 622 causa
734 557 940 642 negaverim,
978 555 1066 640 quod
1102 555 1138 618 in
1174 554 1304 638 gremio

133 673 393 741 Andromachae
423 675 602 761 perspicue
635 679 885 759 cognoscuntur
912 672 1042 758 globuli
1066 671 1131 735 duo
1156 671 1246 735 inter
1268 692 1304 733 66

133 791 363 874 cohaerentes,
401 792 459 875 qui
495 813 569 855 mea
601 790 761 875 opinione
796 790 977 853 manifesto
1000 795 1101 876 caput
1125 797 1159 853 et
1183 809 1304 873 corpus

131 907 281 971 infantis
297 906 503 991 significant,
520 907 719 992 praesertim
738 928 813 970 cum
830 905 1048 990 respiciamus
1065 927 1121 968 666
1133 925 1303 991 personae,

131 1046 219 1108 quae
243 1031 323 1088 sunt
347 1030 424 1087 ante
448 1023 614 1108 templum
638 1021 811 1108 Apollinis
836 1022 1042 1106 Dianaeque.

240 1253 511 1338 Astyanactis
535 1277 610 1318 nex
634 1253 793 1339 opinione
816 1276 892 1317 11166
908 1259 959 1317 661
976 1253 1111 1338 depicta
1127 1255 1163 1317 in
1181 1253 1306 1340 oppido

133 1371 229 1434 iuxta
252 1376 391 1456 portam.
439 1372 527 1434 Puer
552 1369 699 1434 discerni
723 1377 837 1456 potest
860 1369 896 1434 in
920 1392 1031 1453 genua
1047 1370 1222 1453 collapsus
1249 1370 1307 1454 qui

133 1509 271 1551 manum
295 1487 426 1551 laevam
451 1487 596 1570 demisit,
623 1486 742 1551 dextra
764 1487 908 1551 fortasse
930 1485 1122 1550 bracchium
1146 1485 1308 1570 corripuit

133 1603 243 1668 hostis
267 1603 303 1667 in
328 1609 450 1688 ectypo
474 1603 545 1666 1616
570 1602 688 1684 1111611;
725 1602 812 1666 nihil
840 1603 932 1666 enim
960 1602 1116 1665 relictum
1144 1608 1205 1683 est,
1240 1602 1308 1665 nisi

134 1720 278 1784 alterum
319 1741 409 1783 crus.
467 1718 524 1783 Sic
565 1718 808 1803 Astyanactem
848 1719 988 1782 consilio
1027 1717 1232 1801 Argivorum
1272 1717 1308 1780 in

133 1835 261 1921 oppido
286 1834 487 1898 crediderim
511 1842 695 1899 mactatum
725 1857 796 1898 esse
821 1834 909 1919 apud
935 1834 1174 1898 Stesichorum.
1221 1833 1308 1897 Pau-

131 1952 247 2016 sanias
281 1951 442 2034 (Χ,21”1,4.)
482 1952 573 2015 enim
611 1951 693 2015 haec
724 1949 880 2015 tradidit:
929 1941 1042 2031 Τούτῳ
1078 1948 1309 2033 (Astyanacti)

131 2062 290 2144 Λέσχεως
314 2061 439 2150 dipem
466 2056 537 2127 ἀπὸ
562 2066 619 2127 τοῦ
635 2057 762 2149 πύργου
786 2065 948 2150 συμβῆναι
973 2059 1057 2146 λέγει
1075 2057 1134 2149 τὴν
1149 2056 1308 2149 τελευτήν,

134 2173 172 2244 οὐ
209 2175 275 2268 μὴν
309 2171 377 2243 ὑπὸ
414 2174 577 2263 δόγματός
612 2201 646 2262 γε
678 2171 846 2266 Ἑλλήνων,
876 2171 947 2242 ἀλλ’
980 2173 1050 2264 ἰδίᾳ
1075 2173 1310 2259 Νεοπτόλεμον

127 2290 305 2383 αὐτόχειρα
340 2294 498 2384 ἐθελῆσαι
536 2292 699 2379 γενέσθαι.
757 2298 854 2375 Quod
887 2320 966 2363 vero
1003 2304 1118 2383 aperte
1154 2299 1310 2362 enuntiat

128 2418 200 2500 1116,
231 2416 360 2480 Lesche
389 2423 525 2480 61161616
550 2415 769 2500 Astyanactis
799 2414 840 2479 de
864 2437 946 2479 neoc
970 2415 1096 2478 nullam
1128 2437 1147 2478 a
1172 2415 1309 2478 Graecis

128 2533 328 2597 contionem
353 2554 425 2596 6666
448 2531 608 2608 habitam,
638 2528 761 2594 deinde
790 2530 879 2614 quod
903 2531 1083 2595 scholiasta
1106 2530 1149 2594 ad
1173 2552 1309 2595 versum

130 2649 304 2714 decimum
328 2647 585 2712 Andromachae
609 2647 814 2732 Euripideae
842 2642 1051 2729 adnotat¹⁰⁸l,
1081 2646 1308 2713 Stesichorum

130 2764 175 2828 de
200 2770 309 2828 morte
325 2763 545 2848 Astyanactis
564 2764 682 2847 egisse,
707 2786 817 2847 neque
833 2786 913 2829 vero
938 2764 980 2827 de
1003 2785 1099 2827 muro
1124 2785 1199 2826 eum
1222 2763 1309 2827 deici

129 2881 265 2963 1661666,
307 2879 461 2944 concludi
500 2881 644 2944 fortasse
679 2880 814 2964 poterit,
853 2879 1083 2944 Stesichorum
1119 2878 1308 2961 tradidisse,

130 2996 340 3080 Argivorum
365 3019 382 3060 e
407 2996 547 3060 consilio
571 2996 807 3081 obtruncatum
830 3017 902 3060 esse
919 2995 1171 3079 Astyanactem,
1196 2995 1310 3080 itaque

131 3113 283 3199 priorum
319 3111 522 3197 scriptorum
561 3112 791 3176 immanitates
824 3111 996 3195 lenivisse,
1035 3134 1053 3176 e
1092 3111 1213 3195 quibus
1252 3111 1310 3175 alii

133 3251 213 3292 eum
242 3228 284 3292 de
312 3250 408 3292 muro
438 3229 526 3292 deici
557 3230 735 3311 fecerunt,
759 3228 849 3313 quod
884 3227 1002 3292 mortis
1033 3249 1141 3311 genus
1170 3228 1310 3291 Homeri

131 3343 373 3410 Andromache
388 3344 525 3408 videtur
541 3344 608 3408 iam
625 3339 865 3426 divinasse109l,
878 3343 937 3407 alii
954 3366 1031 3407 eum
1045 3344 1148 3407 etiam
1162 3343 1205 3407 ad
1218 3366 1310 3407 aram

132 3452 218 3532 Διὸς
247 3448 391 3542 Ἑρκείου
427 3460 524 3523 allidi
559 3460 715 3524 fecerunt
749 3482 768 3523 a
795 3460 1027 3543 Neoptolemo.
1078 3460 1175 3523 ldem
1209 3468 1310 3545 atque

134 3600 199 3662 ego
217 3576 371 3661 Scaliger
394 3577 438 3661 (p.
457 3573 513 3656 40)
537 3577 608 3640 1616
634 3576 810 3641 666616611.
858 3576 898 3640 In
923 3576 998 3660 ipsa
1014 3574 1137 3639 deinde
1155 3577 1311 3641 contione

133 3695 255 3761 Ulixes
296 3692 438 3757 fortasse
473 3693 694 3776 Astyanactis
730 3699 872 3756 mortem
907 3691 1022 3773 suasit,
1062 3714 1140 3755 nam
1184 3693 1310 3777 (Eurip.

135 3810 257 3876 Troad.
284 3807 377 3890 722l:
414 3807 489 3868 νικᾶ
524 3797 551 3868 d'
581 3796 755 3882 ’0116666111ἱ
790 3802 823 3868 ἐν
852 3801 1059 3892 Πανέλλησιν
1093 3801 1206 3889 λέγων,
1246 3808 1311 3872 huo

248 4108 309 4174 108)
338 4113 508 4178 Στησίχορος
531 4112 626 4178 μέντοι
648 4111 754 4178 ἱστορεῖ
770 4099 812 4160 ὅτι
831 4102 966 4175 τεθνήκοι,
987 4112 1033 4160 καὶ
1053 4100 1100 4160 τὸν
1118 4101 1165 4174 τὴν
1184 4108 1312 4179 Ilr‘pocda

135 4192 321 4267 συντεταχὸτα
343 4239 349 4252 .
370 4238 376 4250 .
398 4239 425 4252 ..
446 4192 567 4264 ποιητήν,
588 4191 629 4250 ὅτι
649 4202 695 4249 καὶ
715 4189 770 4248 dud
788 4197 837 4249 τοῦ
853 4205 959 4267 τείχους
978 4200 1078 4268 (lapsis.
1100 4229 1131 4235 —
1154 4197 1312 4254 11191Ηο111.

133 4291 167 4343 ll.
190 4287 304 4351 XXIV,
325 4288 461 4351 rita-3&
482 4285 633 4356 Apollodor
652 4287 687 4351 V,
706 4286 748 4339 ⁶23.
