2872 4912
607 238 824 300 -ῑη-

133 417 206 479 fere
230 414 330 479 modo
355 422 456 499 atque
479 414 570 500 apud
595 414 797 478 Pausaniam
826 411 1030 496 descriptam
1058 410 1167 474 fuisse
1195 407 1312 471 existi·

133 554 232 612 mem,
267 531 326 616 qui
349 532 407 614 (X,
438 533 527 614 2ss,l)
563 530 645 594 haec
680 528 836 594 tradidit:
873 518 1076 605 αἰχμάλωτοι
1115 519 1174 585 καὶ
1213 505 1310 583 οὗτοι

134 641 287 730 Κλνμένη
312 667 347 707 τε
370 640 426 706 καὶ
451 641 601 728 Κρέονσα
624 639 681 706 καὶ
696 634 916 727 Ἀριστομάχη
940 637 996 703 καὶ
1014 635 1173 724 Ξενοδίκη
1201 688 1208 700 .
1235 687 1243 700 .
1270 687 1277 699 .
1302 687 1308 699 .

133 757 192 822 ἐπὶ
216 757 252 822 δὲ
283 762 322 846 τῇ
347 754 496 846 Κρεούσῃ
531 756 680 842 λέγουσιν
708 751 752 834 ὡς
783 751 800 845 η
827 759 914 820 θεῶν
947 750 1055 843 μήτηρ
1089 752 1147 818 καὶ
1183 747 1307 839 Ἀηρο-

133 872 207 962 dica
232 867 334 962 αὐτὴν
357 870 530 960 ἐρύσαντο·
555 866 638 938 εἶναι
664 869 724 959 γάρ
748 873 788 960 δη
812 871 869 936 καὶ
893 868 1032 936 Αἰνείου
1055 867 1114 957 τὴν
1136 868 1307 956 Κρέουσαν

133 994 291 1074 γυναῖκα·
316 989 470 1071 Λέσχεως
493 988 529 1054 δὲ
552 988 608 1054 καὶ
633 985 698 1078 ἔπη
726 986 764 1053 [ἁ
789 985 926 1074 Κύπρια
950 987 1101 1051 διδόασιν
1125 978 1306 1072 Εὐρυδίκην

132 1109 268 1189 γυναῖκα
291 1103 422 1193 Αἰνείᾳ.
479 1110 582 1196 Apud
610 1109 765 1174 Leschen
800 1110 907 1193 igitur
942 1116 977 1171 et
1005 1109 1041 1172 in
1065 1107 1206 1192 Cypriis
1236 1128 1304 1169 car-

131 1226 279 1291 minibus
301 1227 438 1291 Aeneae
473 1228 569 1291 uxori
604 1249 728 1291 nomen
756 1224 925 1310 Eurydice
948 1225 1028 1304 fuit;
1063 1245 1175 1307 neque
1203 1223 1304 1306 Poly-

132 1343 229 1425 gnoti
258 1343 384 1408 Creusa
411 1344 549 1407 Aeneae
579 1337 730 1425 uxor,¹4⁹)
765 1342 824 1406 sed
859 1341 931 1405 filia
953 1348 1088 1404 tantum
1111 1339 1245 1402 Priami
1273 1347 1305 1401 et

131 1457 291 1523 Hecubae
315 1467 397 1541 erat,
422 1482 508 1544 quae
532 1459 652 1523 Troiae
680 1459 771 1522 inter
798 1457 1087 1543 expugnationem
1115 1461 1218 1541 capta
1247 1463 1304 1518 est.

131 1574 344 1639 Stesichorus
377 1576 508 1661 primus
543 1575 658 1639 tabula
693 1582 808 1639 nostra
843 1583 878 1638 et
904 1573 1073 1638 Pausania
1107 1570 1305 1636 auctoribus

133 1690 319 1755 Creusam
343 1692 447 1754 etiam
470 1692 607 1756 Aeneae
629 1712 772 1755 uxorum
800 1690 937 1754 videtur
963 1689 1103 1753 finxisse
1126 1687 1304 1769 (Pausan.:

130 1800 186 1865 καὶ
224 1799 365 1868 Αἰνείου
402 1807 561 1887 γυναῖκα.)
597 1844 637 1850 -
677 1807 783 1870 altera
823 1807 914 1870 enim
954 1807 1081 1870 Creusa
1116 1805 1306 1868 Erechthei

129 1921 200 1987 filia
226 1921 348 1987 Xutho
376 1924 513 2007 coniugi
542 1923 716 1987 Achaeum
745 1930 779 1986 et
813 1923 932 1987 Ionem
964 1922 1098 2008 peperit
1128 1956 1170 1963 -
1203 1927 1306 2006 atque

130 2038 217 2102 hanc
240 2039 377 2104 Aeneae
400 2061 539 2104 uxorem
563 2039 724 2103 Creusam
747 2038 862 2102 tabula
890 2046 977 2103 teste
1005 2039 1151 2121 Magna
1174 2037 1213 2100 M
1219 2044 1306 2102 ater

130 2155 344 2240 Venusque
361 2157 567 2219 Graecorum
591 2178 610 2219 a
633 2156 798 2220 servitute
823 2154 1084 2218 vindicaverunt
1107 2153 1203 2239 apud
1231 2153 1305 2218 Ste-

130 2270 309 2334 sichorum.
360 2270 554 2355 Eurydicae
577 2271 652 2335 vioe
681 2273 820 2355 locoque
850 2271 1010 2334 Creusam
1037 2269 1168 2334 Priami
1198 2269 1304 2334 filiam

130 2409 150 2450 a
173 2386 365 2452 Stesichoro
395 2389 505 2474 primo
533 2410 673 2452 uxorem
695 2387 832 2452 Aeneae
856 2387 981 2450 dictam
1006 2408 1078 2450 esse
1102 2407 1240 2469 censeo,
1268 2393 1303 2450 ut

130 2503 263 2566 Aeneas
286 2503 467 2567 artioribus
484 2503 664 2568 affinitatis
680 2503 827 2569 vinculis
843 2503 938 2585 regia
957 2508 1156 2585 cumgente
1173 2503 1302 2567 Priami

130 2626 219 2682 esset
243 2619 450 2684 coniunctus.
489 2621 668 2684 Facillime
692 2628 805 2684 autem
821 2641 882 2704 pro
900 2617 1072 2702 Eurydice
1094 2639 1115 2680 a
1131 2619 1303 2684 Pausania

130 2735 200 2797 solo
235 2735 336 2798 allata
370 2735 498 2799 Creusa
531 2736 644 2821 potuit
679 2735 835 2821 supponi,
871 2735 959 2819 quod
989 2734 1130 2799 Conone
1165 2742 1301 2800 auctore

129 2850 266 2928 (narrat.
283 2852 338 2930 41)
356 2853 491 2915 Aeneae
507 2851 684 2928 Ascanius,
705 2852 850 2915 Creusae
866 2851 975 2914 Anius
991 2849 1081 2914 filius
1096 2849 1177 2934 fuit,
1205 2875 1302 2936 quem

128 2967 249 3049 genuit
293 2967 458 3052 Apollini.
524 2968 710 3031 Pausanias
755 2969 929 3051 antiquam
975 2965 1110 3030 fabulae
1157 2968 1303 3033 formam

129 3083 373 3148 contaminavit
409 3107 485 3148 cum
518 3083 721 3166 recentiore,
756 3106 832 3147 cum
860 3082 903 3146 ad
927 3083 1113 3166 Polygnoti
1139 3083 1304 3149 Creusam

129 3200 299 3283 captivam
314 3199 352 3263 in
367 3200 481 3263 lescha
496 3199 706 3284 Delphorum
727 3199 906 3284 depictam,
932 3221 1017 3283 quae
1040 3198 1199 3264 nondum
1221 3224 1304 3266 uxor

128 3315 265 3379 Aeneae
289 3316 475 3380 existimari
510 3325 652 3400 poterat,
688 3338 727 3380 ea
754 3317 907 3398 referret,
936 3337 1022 3400 quae
1050 3315 1094 3378 ad
1128 3326 1304 3382 recentem

130 3431 274 3494 Creusae
297 3432 445 3495 fabulam
470 3427 736 3517 spectabant.¹⁵⁰)
782 3431 995 3496 Stesichorus
1014 3431 1103 3495 hanc
1118 3455 1196 3498 rem
1212 3435 1304 3500 simi·

128 3546 207 3609 liter
252 3547 325 3610 fere
371 3555 473 3632 atque
516 3548 689 3631 Vergilius
737 3548 874 3611 videtur
916 3547 1152 3632 descripsisse,
1215 3552 1302 3637 apud

128 3684 230 3746 quem
245 3661 370 3727 Creusa
381 3663 518 3728 Aeneae
542 3665 634 3745 „fato
657 3661 793 3748 erepta“
819 3670 880 3746 est,
905 3686 981 3727 cum
1005 3664 1305 3752 „propinquabant

127 3775 267 3863 portis“.

238 3992 297 4045 litt
320 3989 433 4047 Rohert,
452 3988 479 4041 d.
500 3989 640 4060 lliupersis
668 3989 716 4041 des
736 3989 880 4057 Polygnot.
912 3993 951 4041 11.
994 3989 1070 4042 Hall.
1092 3991 1304 4049 ll‘inkelmann·

128 4079 214 4147 Prgr..
243 4079 325 4132 Hallc
356 4081 431 4133 rste.
452 4097 477 4148 p.
497 4080 611 4131 (tl-62.
644 4111 674 4117 —
711 4080 770 4132 ltin
791 4080 881 4131 Etiam
903 4079 1017 4146 Dionys.
1042 4079 1136 4134 Halic.
1168 4083 1229 4150 ΙΙΙ,
1257 4088 1303 4148 31;

127 4168 233 4220 Aelian.
261 4168 295 4221 dc
321 4180 377 4221 nat.
406 4170 489 4221 anim.
512 4168 566 4221 xl.
598 4170 641 4231 163
671 4169 788 4238 Appiae.
816 4186 871 4238 rog.
904 4172 928 4231 l;
962 4168 1124 4238 Aprollodor.
1151 4172 1211 4239 111,
1245 4178 1304 4233 leh

127 4257 320 4312 Christodorus
339 4259 356 4310 l.
375 4259 393 4311 l.
430 4259 560 4312 Creusam
580 4259 687 4312 ,Aeneae
705 4274 826 4322 uxorem,
845 4258 1059 4329 appellaverunt.
