2872 4912
539 248 758 311 ..11-

165 422 312 487 Maxime
337 422 439 487 dubia
460 423 568 507 igitur
592 423 777 488 Froehneri
802 425 971 490 conclusio
995 423 1229 506 videturesse,

53 538 256 622 praesertim
292 561 366 603 cum
407 547 523 604 nostro
562 540 635 604 iure
674 540 877 605 contendere
912 541 1088 626 possimne,
1127 541 1230 604 talem

55 653 180 719 lineam
207 655 275 719 iota
298 656 433 720 litterae
457 656 601 720 similem
627 657 729 720 etiam
751 657 827 721 aliis
850 658 933 722 locis
961 656 1109 722 inveniri
1133 677 1231 740 posse

57 770 158 854 plane
188 792 484 855 supervacaneam
516 794 759 857 nonnunquam
788 773 879 836 enim
902 773 1056 855 occurrit,
1086 779 1125 836 ut
1147 772 1230 858 lapi-

57 885 146 950 darii
178 897 255 972 post
284 889 322 947 H
348 897 406 952 aut
436 885 467 947 Ω
499 888 630 952 litteras
663 889 735 952 sine
767 889 835 953 ulla
864 911 962 953 causa
995 888 1236 973 scripserint!

57 1003 219 1067 litteram.
275 1005 433 1088 Exempli
463 1027 561 1069 causa
590 1005 752 1090 inspicias
780 1005 1019 1090 inscriptiones
1049 1005 1118 1087 has,
1148 1027 1231 1088 quae

58 1127 139 1184 sunt
174 1120 210 1183 in
240 1120 327 1184 Old
353 1120 420 1202 HI,
450 1112 667 1200 assumpta·
701 1112 885 1203 darrpcisstmm
916 1122 979 1202 ΙΙΙ,
1009 1109 1230 1205 49052ip'ami3

58 1229 330 1320 ἑπιστρατηιχοῦ;
355 1237 417 1319 HI,
436 1239 523 1302 4939
538 1260 544 1300 ;
560 1226 657 1320 ἥκωι;
681 1238 743 1321 ΠΙ,
760 1240 846 1303 4957
862 1238 1076 1303 :coniunctio
1108 1225 1143 1320 ἥι
1170 1259 1231 1322 pro

59 1339 81 1436 ἤ
105 1351 217 1416 decies
241 1352 367 1437 septies
392 1353 547 1434 occurrit,
571 1354 732 1418 articulus
756 1343 790 1438 ip
815 1376 874 1438 pro
898 1343 997 1438 riter,
1020 1345 1081 1436 μήν
1102 1376 1162 1438 pro
1185 1345 1232 1437 μή

60 1468 194 1550 novies;
230 1468 354 1533 deinde
385 1459 482 1553 μηττε
504 1461 681 1554 μηιὸόλως.
730 1469 822 1546 Quae
846 1470 1086 1556 inscriptiones
1105 1470 1232 1535 incisae

60 1591 140 1648 sunt
152 1585 265 1669 paullo
281 1592 358 1669 post
374 1607 475 1669 quam
491 1585 625 1650 tabulae
642 1568 776 1650 nostrae
792 1586 916 1651 Iliacae
928 1593 1008 1651 suut
1024 1586 1231 1671 exsculptam

61 1708 113 1766 est
146 1701 238 1764 enim
274 1701 451 1787 inscriptio
483 1701 546 1784 HI,
579 1703 666 1767 4956
700 1703 865 1787 „epistula
896 1711 931 1766 et
968 1703 1141 1766 decretum
1170 1702 1231 1766 Cn.

62 1817 208 1901 Vergilii
234 1817 409 1902 Capitonis
433 1818 597 1902 praefecti
614 1819 766 1904 Aegypti
781 1819 952 1904 proposita
965 1819 1090 1883 Oasitis
1107 1841 1127 1882 a
1139 1818 1232 1882 Posi-

62 1933 164 1997 donio
199 1939 348 2017 stratego
385 1933 482 1999 Oasis
510 1956 538 1998 a.
568 1934 632 1999 IX.
667 1935 753 2019 Imp.
779 1935 923 2018 Claudii,
952 1958 980 1999 a.
1009 1958 1041 2019 p.
1071 1934 1149 1999 Chr.
1178 1936 1232 2016 49,

62 2050 229 2114 Kalendis
246 2046 473 2115 Februariis.“
508 2050 603 2114 Duae
621 2050 860 2136 inscriptiones
877 2051 1056 2115 Philenses
1069 2050 1132 2133 III,
1146 2051 1234 2114 4905

64 2172 97 2230 et
121 2167 208 2231 4936
233 2172 324 2231 certo
341 2188 430 2231 anno
447 2166 593 2230 adscribi
609 2189 677 2231 non
693 2179 843 2250 possunt.
890 2167 1072 2252 Inscriptio
1089 2166 1234 2251 denique

62 2282 127 2364 111,
144 2284 230 2348 4957
250 2288 301 2346 est
323 2282 517 2366 „decretum
535 2283 587 2346 Ti.
607 2283 687 2346 lulii
706 2283 893 2348 Alexandri
905 2283 1070 2368 praefecti
1082 2283 1235 2367 Aegypti

62 2398 274 2483 propositum
302 2397 428 2464 Oasitis
457 2397 498 2462 ab
522 2397 609 2463 Iulio
637 2399 811 2464 Demetrio
840 2406 991 2483 stratego
1015 2399 1112 2465 Oasis
1136 2421 1164 2462 a.
1189 2400 1233 2463 ΙΙ.

65 2515 152 2599 Imp.
189 2513 318 2578 Galbae
349 2538 378 2579 a.
411 2538 444 2600 p.
478 2513 557 2579 Ohr.
592 2516 633 2580 68
662 2515 718 2578 die
750 2518 792 2581 28
829 2516 954 2580 mensis
994 2511 1233 2601 Septembris.“

65 2630 133 2696 Vix
161 2630 269 2714 igitur
301 2653 377 2696 cum
409 2631 553 2697 Lehrsio
585 2632 727 2717 aliisque
760 2632 829 2697 iota
861 2632 946 2698 illud
977 2632 1034 2698 vel
1060 2633 1150 2696 linea
1177 2631 1236 2696 illa

64 2747 168 2832 spatii
184 2753 317 2812 tantum
339 2747 531 2833 complendi
552 2770 650 2813 causa
670 2748 804 2814 tabulae
824 2749 993 2834 insculpta
1020 2771 1093 2812 esse
1120 2748 1235 2812 existi-

62 2863 189 2928 manda
205 2871 270 2943 est;
294 2886 525 2948 perversum
543 2864 736 2949 quoddam
749 2864 956 2930 scribendi
968 2887 1093 2949 genus
1109 2864 1234 2930 haben-

62 2980 146 3044 dum
172 2985 223 3044 est
246 2979 454 3065 temporibus
478 2981 545 3045 illis
569 2981 742 3045 usitatum.

176 3095 285 3172 Quare
300 3097 489 3161 Froehneri
512 3097 792 3182 interpretatione
809 3097 868 3162 illa
887 3098 1013 3162 reiecta
1037 3119 1110 3162 vox
1125 3091 1235 3180 τέχνη

62 3218 205 3278 nostro
233 3213 319 3277 loco
347 3213 445 3277 mihi
472 3235 549 3277 non
578 3235 675 3298 opus
703 3214 758 3278 vel
790 3213 982 3297 artificium,
1015 3212 1082 3278 sed
1111 3219 1236 3277 artem

64 3329 232 3395 videtur
260 3329 509 3412 significare.

175 3444 350 3529 Nusquam
366 3445 479 3511 verbis
499 3445 686 3531 perspicuis
703 3445 899 3510 Theodorus
915 3453 967 3511 est
987 3447 1110 3511 artifex
1127 3446 1236 3509 dictus

66 3568 127 3626 aut
146 3559 338 3644 fabricator,
355 3561 415 3625 sed
430 3555 522 3645 τέχνη
539 3563 618 3645 sola,
637 3561 672 3625 id
689 3568 740 3626 est
764 3584 826 3626 ars
854 3563 1083 3647 appellatur
1111 3563 1236 3626 Theo-

66 3677 205 3759 dorea3
235 3677 358 3742 deinde
382 3677 470 3762 quod
502 3679 601 3743 verba
626 3672 717 3763 τέχνη
742 3685 776 3742 et
799 3668 949 3751 σύνταξις
969 3667 1114 3762 Ὅμηρον
1137 3677 1237 3762 plane
1332 3746 1335 3750 ,

66 3793 134 3859 sibi
157 3793 319 3858 videntur
341 3793 543 3878 respondere
560 3803 661 3880 atque
681 3795 771 3860 idem
797 3795 1003 3879 significare,
1027 3817 1062 3858 ea
1082 3793 1123 3858 de
1140 3816 1238 3858 causa

68 3909 258 3976 censuerim
306 3909 437 3974 tabulas
484 3917 616 3974 nostras
664 3910 849 3975 secundum
887 3904 998 3995 τέχνην
1048 3901 1239 3993 Θεοὸτόρηον

67 4017 249 4099 συντάξεως
268 4015 414 4110 Ὅμηρον
431 4048 504 4090 esse
528 4028 740 4112 compositas
789 4027 879 4104 Quid
896 4028 996 4111 ergo?
1043 4025 1238 4091 Theodorus

67 4147 140 4211 sive
166 4143 418 4227 grammaticus,
443 4143 515 4207 sive
537 4143 656 4228 pictor,
682 4145 756 4208 sive
780 4145 937 4229 sculptor,
963 4144 1035 4208 sive
1060 4143 1239 4208 cuiuslibet

65 4261 200 4329 ordinis
223 4259 322 4324 homo
346 4259 431 4324 hanc
454 4259 619 4324 rationem
635 4269 744 4350 ,atque
765 4262 828 4325 hoc
848 4283 956 4346 genus
980 4261 1167 4346 imaginum
1185 4260 1239 4324 vel
