2872 4912
685 237 903 310 ,30-

213 421 268 486 vel
303 444 448 487 crassam
477 422 681 488 vestimento
715 423 890 509 promisso,
926 439 1011 509 quae
1041 444 1144 506 equos
1175 427 1313 485 teneret
1346 442 1381 484 ex

214 533 333 602 orele.“
380 538 469 615 Quid
493 539 657 603 Thetisne
688 546 739 604 est
767 561 877 604 crassa
904 545 1005 623 atque
1034 537 1209 603 informis?
1256 535 1382 622 Lepide

214 653 326 717 hercle
354 654 476 738 figura!
524 654 692 740 Equidem
720 655 820 720 huius
849 654 927 719 libri
951 654 1054 718 affero
1078 675 1195 718 versus
1220 653 1381 735 392-99,

171 750 181 767 .
215 769 263 832 ita
286 778 324 834 ut
347 770 599 836 Automedon
628 772 722 856 equis
747 794 845 836 curru
875 771 1000 834 iunctis
1025 791 1159 834 currum
1183 768 1381 852 ascenderit,

214 884 393 950 Alcimus
423 908 524 971 equos
552 887 699 952 retineat
727 909 768 951 ex
791 887 891 968 oreis;
927 909 980 951 res
1003 907 1115 970 neque
1145 884 1240 968 mira,
1276 906 1381 969 neque

215 1023 299 1086 quae
323 1001 392 1066 ullo
415 1002 513 1067 modo
535 1003 715 1068 dissentiat
731 1001 772 1067 ab
788 1002 871 1088 ipsis
888 1002 1028 1067 Homeri
1052 1001 1175 1083 verbis,
1200 1001 1382 1066 secundum

214 1139 298 1201 quae
314 1117 562 1184 Alcimedontis
586 1126 664 1205 post
688 1126 820 1203 tergum
843 1117 996 1183 Achilles
1020 1139 1154 1183 currum
1179 1117 1382 1182 conscendit.

214 1233 378 1318 Aurigam
402 1235 514 1300 locum
537 1243 652 1301 tenere
676 1235 802 1299 iustum
827 1241 905 1298 ante
929 1255 1031 1319 equos
1047 1234 1102 1298 vel
1126 1233 1230 1298 boves
1252 1233 1382 1298 iunctos

215 1350 346 1434 etipsa
373 1352 488 1416 tabula
516 1352 615 1417 docet
642 1350 678 1414 in
706 1351 815 1434 primo
838 1349 956 1414 iliadis
991 1350 1076 1414 libro
1101 1357 1135 1413 et
1165 1349 1282 1414 multis
1312 1349 1382 1414 aliis

215 1467 376 1552 exemplis
405 1466 610 1532 corroborari
637 1461 806 1552 potest⁶²),
841 1473 942 1551 atque
969 1474 1121 1530 nostram
1147 1487 1329 1550 personam
1351 1487 1383 1530 re

215 1603 295 1647 vera
318 1604 391 1646 esse
415 1583 525 1648 virum
549 1583 615 1648 iam
633 1577 846 1664 Robertus⁶³)
870 1604 888 1645 e
912 1581 1064 1646 cruribus
1087 1581 1189 1646 nudis
1209 1582 1384 1647 conclusit.

321 1815 362 1878 In
386 1790 528 1879 ordine
552 1815 759 1900 superiore
777 1811 830 1899 [Y]
847 1814 1046 1900 explicando
1064 1814 1176 1879 Iahnii
1193 1815 1383 1879 sententiae

214 1931 362 1994 meiere
386 1930 541 2014 adiungo.
588 1931 749 2015 Depictos
773 1930 928 1995 videmus
951 1930 1135 2014 Aeneam,
1161 1952 1262 2014 quem
1287 1931 1384 2016 Nep·

214 2053 336 2110 tunus
360 2046 400 2110 ab
424 2046 546 2132 impari
571 2067 753 2129 congressu
769 2047 896 2110 retinet
909 2047 1002 2129 (XX,
1016 2048 1186 2128 nal-923
1204 2045 1384 2128 320-25);

215 2162 339 2226 deinde
363 2162 577 2226 Hectorem
603 2162 661 2246 qui
685 2162 890 2248 Apollinis
915 2161 1218 2226 hortatuAchilli
1242 2162 1385 2228 instanti

215 2287 348 2362 tergum
372 2277 431 2342 dat
443 2277 635 2360 (373—81);
661 2285 743 2342 tunc
755 2278 934 2343 Achillis
951 2284 985 2341 et
1001 2278 1191 2344 Hectoris
1215 2284 1385 2343 certamen

215 2393 386 2476 singulare
421 2393 614 2477 (438-42);
651 2394 883 2477 Apollinem
918 2393 1074 2478 denique,
1110 2394 1168 2480 qui
1203 2395 1386 2461 Hectorem

214 2509 365 2575 servavit
389 2508 578 2589 (443—45).
625 2510 726 2574 Modo
751 2516 904 2594 quartam
927 2510 1028 2574 huius
1051 2510 1182 2576 ordinis
1205 2531 1386 2596 persenam

216 2632 333 2690 contra
369 2625 571 2690 Michaelem
606 2624 708 2711 (apud
744 2624 902 2690 Iahnium
934 2647 966 2709 p.
991 2629 1045 2702 22)
1080 2627 1279 2710 negaverim
1317 2648 1386 2692 esse

215 2742 471 2826 Polydorum,
509 2742 668 2826 quoniam
709 2763 761 2823 ea,
804 2763 889 2826 quae
925 2741 1092 2807 Homerus
1127 2740 1312 2823 (eor-18)
1347 2741 1386 2806 de

215 2859 384 2942 Polydoro
419 2857 516 2940 dixit,
552 2858 663 2922 minus
699 2856 785 2920 mihi
819 2879 896 2922 cum
931 2864 1052 2943 ectypo
1080 2864 1196 2923 nostro
1225 2857 1386 2924 videntur

216 2996 409 3058 congruere.
455 2975 531 3056 Ego
555 2981 613 3038 aut
636 2972 831 3058 Apollinem
854 2980 1144 3058 repraesentatum
1180 2996 1253 3039 esse
1291 2981 1385 3060 puta-

216 3091 334 3174 verim,
370 3090 464 3155 cuius
499 3090 634 3154 hortatu
657 3089 785 3153 Hector
820 3111 855 3154 se
884 3088 1012 3154 Achilli
1047 3090 1190 3154 instanti
1214 3091 1387 3174 subduxit,

217 3242 257 3250 —
298 3206 392 3291 atqui
431 3206 516 3270 miro
556 3205 701 3291 quodam
735 3204 835 3269 modo
876 3205 1059 3270 delineatio
1095 3205 1177 3270 haee
1212 3206 1387 3272 Fecdorea

217 3328 338 3407 aequat
360 3323 432 3386 fere
454 3321 651 3408 Apollinem
685 3320 918 3406 pharetratum
953 3321 1032 3385 libri
1060 3321 1183 3386 decimi
1207 3323 1322 3406 quarti
1348 3358 1386 3367 -

217 3444 275 3502 aut
308 3437 572 3522 Iphitionem‚
614 3459 714 3522 quem
749 3436 933 3502 instantem
973 3436 1124 3501 Achilles
1160 3437 1276 3502 statim
1312 3445 1387 3524 post
1422 3448 1425 3453 '

216 3554 374 3619 Hectoris
398 3556 516 3640 fugam
540 3554 726 3640 prostravit
749 3551 937 3631 (381-86).
990 3553 1161 3638 Ectypum
1185 3553 1297 3638 ipsum
1327 3555 1389 3620 hoc

215 3670 288 3734 loco
326 3671 484 3736 obtusum
524 3677 624 3756 atque
664 3689 814 3734 arrosum
853 3666 1011 3751 impedit,
1056 3667 1236 3753 quominus
1276 3671 1388 3736 titulis

215 3785 453 3852 deficientibus
478 3794 604 3853 certam
629 3784 829 3850 definiamus
853 3805 1041 3869 personam.

323 3997 366 4061 52)
386 3997 533 4066 Bruening‚
552 3997 570 4048 1.
589 3997 607 4048 l.
627 4014 653 4065 p.
670 3994 804 4058 133-383
833 3992 965 4057 Gerhard,
993 3993 1098 4047 Auserl.
1122 3993 1242 4047 Vasenb.
1263 3995 1304 4059 ΙΙ,
1334 3996 1388 4050 tab.

217 4087 351 4151 rso-tm
381 4086 436 4139 lll.
456 4090 475 4138 t.
495 4085 560 4150 ‘2083
589 4086 640 4138 IV.
661 4091 680 4137 t.
699 4082 835 4144 ‘249-5‘&
856 4082 919 4146 325;
948 4083 1052 4148 Clarae,
1072 4083 1167 4136 Musee
1187 4083 1221 4136 de
1249 4085 1389 4156 sculpture

215 4176 255 4241 Π,
274 4176 330 4229 tab.
354 4178 402 4228 137
423 4181 451 4228 et
472 4175 635 4239 162;Arch.
656 4175 741 4243 Zeitg.
762 4173 839 4237 1861,
867 4190 893 4240 p.
915 4175 973 4237 151,
1001 4172 1136 4225 11111118.
1169 4203 1200 4211 -
1235 4175 1281 4237 53)
1305 4175 1389 4230 Arch.

215 4266 301 4335 Zeitg.
322 4265 399 4331 1814,
418 4282 444 4334 p.
466 4265 514 4319 107
534 4281 561 4316 n.
581 4265 623 4318 38.
