2872 4912
694 242 912 308 -32..

214 415 250 480 in
274 416 388 482 tabula
411 417 551 484 immota
573 419 634 484 hos
658 426 728 485 tres
752 421 913 486 circuitus
937 443 1054 486 omnes
1078 419 1296 505 conspexisse
1320 418 1379 485 sibi

214 533 369 598 videtur?
429 535 537 598 Immo
576 557 656 600 vero
690 536 801 621 ipsum
837 544 997 623 ectypum
1032 544 1186 602 nostrum
1222 536 1378 618 ostendit,

214 648 384 714 Achillem
418 650 538 715 Troiae
574 673 594 715 a
628 651 814 728 moenibus,
854 675 939 738 quae
975 654 1010 717 in
1047 653 1187 717 sinistra
1221 651 1379 736 imaginis

214 770 310 850 parte
350 766 523 851 exsculpta
563 777 651 850 sunt,
692 776 785 833 recta
820 768 876 833 via
911 769 953 834 ad
989 775 1099 834 castra
1127 768 1265 834 navalia
1293 767 1379 832 vehi.

214 880 309 944 Idem
332 881 562 966 Brueningius
591 905 608 947 e
637 883 781 948 diversis
809 885 909 949 huius
938 884 1017 949 libri
1041 884 1252 970 argumentis
1276 883 1379 970 hypo·

214 997 327 1061 thesin
361 998 529 1082 quandam
561 1000 712 1084 protulit,
753 1022 838 1085 quae
873 1001 1125 1065 accuratissime
1164 1000 1311 1084 quadrat
1349 1000 1381 1064 in

215 1119 375 1199 ectypum
404 1121 570 1179 nostrum:
606 1107 734 1199 ἐξάψας
766 1110 802 1176 δὲ
830 1105 928 1177 αὐτὸν
960 1115 1020 1176 τοῦ
1046 1105 1192 1199 ἅρματος
1218 1104 1381 1193 Ἀχιλλελς

214 1221 270 1288 διὰ
286 1229 344 1289 τοῦ
367 1223 485 1291 πεδίου
509 1224 569 1292 ἐπὶ
592 1223 648 1292 τὸν
671 1222 883 1310 ναύσταθμον
906 1225 1001 1292 ἕλκει.
1049 1231 1167 1296 Altera
1182 1231 1380 1318 hypothesis

214 1338 283 1426 (aci
319 1336 487 1429 φονεύεται
525 1336 593 1408 ’ὑπὸ
616 1336 791 1425 Ἀχιλλέως
813 1341 870 1407 καὶ
894 1341 1004 1420 δεθεὶς
1027 1340 1134 1430 δίφρῳ
1158 1339 1291 1431 σύρεται
1315 1341 1382 1430 τρὶς

214 1455 291 1544 περὶ
314 1452 355 1521 τὰ
379 1455 480 1547 τείχη)
505 1464 662 1548 congruit
685 1486 762 1529 cum
785 1464 892 1528 Iliade
915 1464 1022 1529 latina
1046 1473 1080 1528 et
1104 1463 1268 1549 Vergilio.
1318 1464 1382 1542 Qui

214 1585 266 1642 est
289 1600 370 1663 ergo
394 1580 580 1644 communis
605 1580 662 1645 ille
686 1581 771 1663 fons,
798 1602 815 1643 e
839 1601 905 1664 quo
926 1587 961 1644 et
976 1580 1057 1644 Ilias
1073 1579 1180 1644 latina
1197 1586 1232 1645 et
1247 1579 1382 1645 tabulae
1424 1666 1426 1671 Ι

212 1701 347 1759 nostrae
371 1702 609 1778 argumentum
633 1682 853 1760 emanavere?
898 1697 1006 1760 lmmo
1024 1696 1229 1776 contrarium
1245 1695 1383 1761 videtur

214 1810 305 1874 effici
329 1833 347 1874 e
370 1810 454 1875 locis
478 1833 496 1874 a
520 1810 732 1896 Brueningio
755 1811 877 1875 allatis.

320 1927 466 1992 Parvum
491 1932 605 1991 tamen
629 1949 774 1993 errorem
799 1927 969 1992 commisit
992 1927 1125 2008 artifex,
1156 1950 1232 1993 cum
1256 1928 1383 1993 formas

213 2049 347 2107 secutus
364 2042 505 2107 traditas
522 2049 622 2127 atque
639 2049 816 2109 consuetas
833 2050 949 2108 contra
961 2043 1148 2108 Homerum
1162 2043 1293 2127 (XXII,
1307 2043 1384 2124 400)

213 2157 341 2223 Achilli
364 2165 567 2243 aggregaret
590 2159 752 2243 aurigam,
776 2159 925 2244 itemque
949 2161 985 2224 in
1010 2161 1075 2225 alia
1099 2159 1244 2244 quadam
1268 2159 1385 2225 tabula

212 2276 316 2340 iliaca
338 2275 487 2340 Robertc
512 2269 645 2357 testem)
668 2283 846 2362 peccatum
870 2282 931 2340 est.

319 2507 482 2573 Librum
518 2508 753 2573 vicesimum
788 2508 954 2573 tertium
984 2502 1042 2591 [Ψ]
1073 2506 1264 2590 putaverim
1288 2529 1384 2592 prae·

213 2625 357 2689 termitti
381 2646 487 2709 posse,
513 2624 608 2689 cuius
630 2624 667 2688 in
691 2623 997 2708 repraesentatione
1020 2645 1064 2686 ne
1080 2623 1229 2687 Konstas
1247 2623 1384 2707 quidem

214 2742 316 2805 ullam
345 2763 479 2805 oausam
508 2740 678 2826 opprobrii
713 2739 895 2823 invenerit,
931 2739 998 2802 nisi
1033 2739 1124 2823 quod
1159 2738 1384 2823 complurium

213 2879 325 2921 rerum
341 2855 683 2940 repraesentationem
700 2854 916 2920 desideravit.
948 2853 1306 2919 Animadvertendum
1323 2862 1383 2933 est,

214 2973 250 3037 in
275 2973 440 3037 curriculo
465 2993 567 3057 equos
591 2978 626 3036 et
649 2992 766 3035 currus
789 2971 895 3035 multo
919 2970 1067 3034 minores
1089 2970 1281 3055 exsculptos
1299 2993 1382 3054 csse,

214 3112 313 3174 quam
338 3089 458 3154 ceteris
482 3088 574 3170 locis,
600 3087 698 3172 quasi
720 3087 822 3171 longe
846 3086 959 3152 absint
982 3085 1023 3150 ab
1040 3084 1254 3151 intuentibus
1271 3086 1381 3152 nobis.

321 3323 508 3387 Extrema
543 3319 690 3404 denique
724 3319 903 3404 imagine
937 3318 1088 3383 Konstas
1122 3339 1237 3382 rursus
1272 3319 1384 3384 facere
1424 3304 1426 3387 l

214 3461 282 3503 non
309 3445 431 3524 potest,
469 3437 552 3522 quin
586 3435 790 3500 offendatur:
828 3434 915 3512 Quia
942 3457 961 3498 a
989 3433 1107 3498 dextra
1130 3433 1230 3497 huius
1255 3434 1385 3500 ordinis

213 3562 308 3640 parte
332 3554 514 3618 Priamus
530 3552 705 3617 Achillis
730 3574 842 3636 genua
865 3573 932 3616 non
959 3549 1204 3636 complectitur,
1230 3550 1383 3615 Konstas

214 3672 255 3756 lp.
280 3669 424 3752 28-29)
459 3669 602 3755 putavit,
639 3668 702 3733 hoc
730 3674 880 3752 tempore
908 3667 975 3731 iam
1005 3687 1125 3750 corpus
1149 3666 1310 3730 Hectoris
1335 3689 1385 3730 re·

213 3787 387 3873 demptum
412 3809 484 3851 esse
508 3785 638 3850 collatis
661 3782 815 3850 versibus
832 3784 997 3864 oto-98,
1021 3788 1122 3866 atque
1147 3803 1186 3844 ea
1212 3781 1254 3845 de
1285 3805 1386 3848 causa

213 3903 250 3967 in
274 3902 487 3967 Fa'brettium
517 3903 672 3966 invectus
697 3908 758 3982 est,
796 3898 853 3983 qui
880 3921 985 3983 pravo
1014 3897 1112 3962 modo
1141 3898 1384 3982 contendisset,

213 4019 378 4084 artificem
395 4026 506 4083 cetera
521 4017 652 4081 ratione
668 4039 728 4080 sua
744 4015 899 4099 neglecta
915 4013 1032 4079 ordine
1047 4013 1214 4078 contrario
1232 4035 1251 4076 a
1265 4013 1387 4084 dextra

321 4268 365 4332 51)
384 4264 485 4318 Annali
505 4262 566 4317 dell'
586 4262 655 4314 Inst.
675 4261 703 4314 di
721 4277 836 4329 corresp.
856 4259 929 4313 arch.
949 4260 1038 4313 Roma
1058 4261 1125 4311 1815
1145 4276 1171 4327 p.
1186 4260 1246 4311 271.
