2872 4912
688 295 728 302 ..
779 260 840 322 106
888 295 928 301 .-

217 437 377 520 Misenus,
408 444 508 522 atque
537 436 654 500 irritae
681 444 761 500 sunt
788 436 978 501 sententiae
1007 459 1121 501 eorum
1152 436 1396 520 interpretum,

215 555 274 638 qui
302 553 470 617 Misenum
497 553 534 617 in
562 552 677 647 tabula
708 574 837 618 remum
866 560 924 618 aut
957 553 1225 636 gubernaculum
1256 559 1394 637 portare

215 675 429 752 censuerunt,
459 668 495 733 id
519 669 607 753 quod
637 690 738 752 supra
766 669 908 733 ostendi.
967 671 1147 734 Praeterea
1176 668 1262 733 tuba
1291 668 1394 732 etiam

215 785 281 871 ipsi
309 785 435 849 Miseni
462 792 602 849 naturae
630 785 781 848 Prellero
809 781 1008 866 auotore222)
1038 786 1166 871 optime
1195 783 1393 870 respondet.

323 901 487 965 Carolus
511 901 662 966 Fricke
691 899 734 986 (p.
762 903 905 982 19-20)
941 901 1090 986 denique
1123 901 1317 984 contendit,
1358 901 1392 965 in

148 1032 151 1037 ’
215 1016 330 1082 tabula
366 1017 590 1103 „penatium
626 1017 901 1081 servationem
937 1040 980 1082 eo
1016 1017 1151 1082 studio
1187 1025 1231 1081 et
1260 1039 1392 1082 amore

215 1134 466 1198 illustratam
482 1155 583 1217 esse,
609 1155 683 1218 quo
701 1133 962 1199 Stesichorus
979 1133 1024 1197 de
1042 1134 1262 1219 penatibus
1282 1141 1392 1198 certe

214 1271 291 1314 non
315 1245 594 1315 narravisset.“
644 1249 825 1332 Confiteor,
855 1249 1043 1314 aediculam
1066 1250 1160 1314 illam
1184 1271 1262 1313 oum
1289 1250 1393 1314 saeris

214 1365 256 1428 ab
280 1364 409 1430 artifice
433 1365 543 1430 tribus
567 1366 650 1429 locis
674 1365 883 1451 exsculptam
908 1387 981 1429 esse
997 1365 1033 1429 in
1051 1373 1182 1452 ectypa.
1223 1365 1261 1430 Si
1278 1373 1393 1430 autem

214 1481 351 1546 omnino
375 1481 417 1546 de
440 1481 621 1566 penatibus
644 1482 700 1545 vel
724 1482 827 1546 sacris
853 1481 984 1546 dixerat
1006 1489 1116 1568 poeta,
1157 1483 1299 1546 Aeneas
1336 1489 1393 1547 aut

214 1597 380 1662 Anchises
404 1620 498 1662 saera
521 1598 579 1662 illa
603 1598 759 1662 manibus
783 1605 940 1662 tenerent
964 1620 1101 1662 necesse
1125 1606 1199 1662 erat
1222 1600 1393 1683 profect0,

214 1713 320 1778 donec
343 1713 379 1778 in
403 1737 525 1778 navem
549 1713 796 1779 inscenderant.
856 1714 946 1792 Quin
981 1714 1083 1778 etiam
1120 1721 1212 1778 certo
1227 1789 1231 1797 ,
1246 1715 1394 1780 oonsilio

213 1829 276 1894 hoc
298 1832 426 1895 factum
451 1853 524 1894 esse
549 1831 754 1894 existimem:
780 1829 948 1908 Quoniam
971 1831 1072 1895 etiam
1088 1830 1228 1913 Priami,
1255 1830 1395 1896 Andro·

212 1946 357 2029 maches,
395 1947 613 2030 Astyanactis
648 1947 820 2010 fortunam
844 1947 997 2031 pluribus
1021 1945 1230 2031 imaginibus
1256 1969 1394 2032 reprae—

212 2068 378 2126 sentatam
410 2063 574 2146 videmus,
613 2063 736 2126 artifex
767 2063 905 2126 alterius
929 2062 1043 2147 gentis
1066 2062 1180 2146 regiae
1204 2062 1390 2129 interitum

213 2177 315 2241 saluti
353 2178 491 2243 alterius
528 2178 706 2243 evidenter
740 2179 850 2243 voluit
884 2200 1060 2263 opponere.
1119 2178 1175 2243 Sic
1212 2176 1390 2244 Anchisen

212 2293 373 2375 Aeneam,
398 2293 583 2359 Ascanium
600 2295 743 2380 sospites
767 2317 843 2359 oum
867 2294 970 2358 sacris
994 2293 1188 2380 apericulis
1204 2294 1388 2359 imminen-

212 2410 303 2474 tibus
327 2409 470 2474 evadere
494 2412 616 2475 artifex
632 2411 741 2476 tribus
758 2433 819 2476 nos
835 2410 952 2475 docuit
968 2410 1189 2494 imaginibus;
1216 2411 1386 2494 quomodo

213 2532 325 2590 autem
359 2526 497 2590 alterius
532 2527 646 2610 gentis
681 2527 823 2592 Hecuba
856 2527 1041 2590 secundum
1076 2525 1312 2591 Stesichorum
1349 2527 1386 2592 ab

212 2641 372 2726 Apolline
389 2664 502 2706 socero
518 2665 577 2707 suo
590 2643 626 2707 in
638 2643 779 2728 Lyciam
796 2643 908 2707 ablata
924 2648 984 2725 est,
1010 2642 1058 2706 sic
1071 2641 1233 2706 Creusam
1253 2666 1384 2728 quoque

213 2758 377 2822 aVenere
394 2780 490 2822 socru
507 2781 567 2822 sua
583 2765 641 2822 aut
659 2781 677 2822 a
692 2759 820 2842 Magna
836 2759 945 2822 Matre
968 2757 1142 2843 abreptam
1168 2779 1243 2821 esse
1269 2759 1383 2824 existi-

212 2873 371 2938 mandum
397 2875 461 2938 erit
476 2881 564 2939 teste
579 2875 748 2939 Pausania
771 2875 826 2957 (X,
845 2874 942 2958 aul),
967 2896 1044 2938 cum
1068 2874 1104 2937 in
1128 2872 1246 2938 tabula
1269 2883 1384 2940 nostra

211 3012 279 3054 uon
302 3011 409 3074 usque
433 2990 474 3054 ad
498 2991 595 3054 navis
618 2991 823 3076 praesidium
847 2990 1050 3074 pervenerit.

318 3106 625 3170 Maximilianus
659 3107 798 3190 Mayer
834 3109 877 3190 (p.
903 3103 960 3186 45)
996 3106 1036 3169 in
1072 3128 1116 3169 ea
1151 3127 1311 3191 quoque
1346 3131 1383 3172 re

212 3221 403 3304 offendit,
451 3222 553 3306 quod
600 3223 702 3287 cista
749 3245 874 3304 saera,
922 3244 1050 3306 neque
1096 3221 1175 3306 ipsi
1214 3231 1382 3306 penates

212 3344 347 3401 essent
370 3339 580 3424 exsculpti.
629 3340 676 3402 At
700 3339 818 3402 cistam
843 3340 946 3402 talem
962 3361 1005 3402 ne
1022 3339 1227 3402 Graecorum
1245 3339 1382 3423 quidem

212 3476 231 3516 a
254 3454 347 3517 cultu
371 3453 476 3518 fuisse
500 3455 644 3519 alienam
668 3454 808 3519 Iahnius
833 3448 1021 3532 docuit.²²³)
1067 3455 1249 3518 Praeterea
1273 3457 1382 3542 seulp-

213 3577 308 3632 turae
325 3591 378 3632 ars
394 3570 496 3634 talem
512 3571 856 3654 repraesentationem
873 3569 1045 3654 flagitavit
1060 3570 1229 3654 profect03
1256 3574 1381 3637 etenim

211 3686 239 3749 si
257 3686 392 3748 Aeneae
416 3671 453 3749 in
477 3685 626 3750 discessu
642 3686 809 3750 Anchises
834 3687 935 3749 etiam
959 3686 1049 3770 ipsos
1075 3692 1215 3768 penates
1238 3690 1296 3753 vel
1315 3690 1382 3775 ipsa

211 3801 349 3865 deorum
395 3801 572 3865 simulacra
615 3801 770 3866 manibus
810 3808 975 3887 portaret,
1024 3802 1216 3885 ignorares,
1270 3812 1381 3870 utrum

210 3917 347 3982 Aeneae
387 3916 553 3981 discessus
592 3941 635 3982 an
673 3918 971 4002 praestigiatorum
1005 3917 1135 3980 familia
1171 3920 1283 3984 oeulis
1320 3923 1382 3986 tuis

210 4032 453 4098 obversaretur.

316 4152 377 4257 aas)
406 4189 970 4261 Boemmytholog.11‚3p.316(or2).
1000 4223 1032 4229 -
1066 4190 1129 4257 223]
1158 4190 1238 4246 cista
1261 4196 1382 4274 mystica.

210 4279 306 4337 Herm.
326 4280 382 4345 III,
403 4280 479 4345 1869,
499 4298 525 4361 p.
545 4282 595 4334 317
616 4297 673 4355 sqp,
