2872 4912
685 245 925 307 -108—

213 422 310 486 irrita
333 422 464 487 fuisset.
513 421 642 498 Quibus
671 421 781 486 causis
814 443 1086 506 eorumquoque
1112 413 1303 499 indiciam)
1341 439 1392 481 re-

215 538 373 616 iciantur,
389 538 447 622 qui
464 546 602 622 propter
619 539 723 602 sclam
741 546 895 620 aetatem,
915 560 980 621 qua
997 544 1156 621 ectypum
1173 535 1393 618 exsculptum

214 660 274 727 est,
304 653 453 718 tabulam
481 653 569 718 hanc
592 653 729 718 Iliacam
753 676 814 738 pro
839 653 950 717 minus
974 653 1043 717 fida
1066 659 1101 716 et
1136 658 1299 736 suspecta
1335 649 1393 713 ha-

214 769 358 834 bendam
383 791 456 833 esse
479 776 560 834 sunt
582 769 748 834 arbitrati.

322 1001 505 1086 Postquam
531 1023 642 1086 supra,
667 1001 749 1086 quid
774 1023 791 1064 e
815 1001 930 1065 tabula
954 1001 1027 1086 ipsa
1051 1023 1141 1065 nunc
1167 1021 1246 1064 cum
1264 999 1394 1063 maiore

213 1138 303 1181 nunc
338 1140 413 1181 cum
448 1119 577 1183 minore
611 1117 813 1182 auctoritate
848 1117 890 1182 ad
926 1116 1112 1182 Stesichori
1146 1113 1393 1201 Iliupersidem

214 1234 448 1318 complendam
472 1241 507 1297 et
530 1234 785 1298 restaurandam
807 1233 977 1298 enucleari
1001 1233 1109 1318 possit
1124 1231 1274 1314 ostendi,
1301 1253 1392 1295 nnnc

213 1371 331 1412 unum
355 1372 550 1434 quemque
566 1348 891 1414 adversariorum
915 1349 1107 1432 impetum
1123 1347 1392 1432 propulsasse

213 1473 331 1550 atque
354 1465 516 1530 tabulae
544 1465 667 1530 fidem
697 1465 930 1531 servavisse
959 1472 999 1528 et
1027 1461 1259 1528 ostendisse
1291 1462 1391 1525 mihi

212 1580 362 1646 videor.
420 1581 604 1646 Stesichori
643 1583 836 1665 fragmenta
872 1581 998 1645 nostris
1036 1577 1247 1665 temporibus
1282 1600 1391 1662 pauca

214 1703 315 1781 atque
338 1704 459 1762 trunca
481 1698 607 1762 tradita
636 1720 709 1761 esse
732 1699 895 1781 lugemus.
944 1696 1153 1780 Quamquam
1181 1700 1324 1778 praeter
1354 1715 1418 1765 ea,

213 1813 417 1896 fragmenta,
452 1836 537 1898 quae
569 1814 740 1897 Bergkius
771 1812 957 1878 Stesichori
990 1812 1027 1876 in
1063 1809 1212 1874 editione
1249 1831 1313 1873 sua
1351 1809 1391 1872 ad

210 1928 447 2013 Iliupersidem
453 1929 618 2013 adhibuit,
631 1931 731 1995 etiam
743 1930 808 1993 alia
821 1928 983 1994 nonnulla
999 1929 1190 2010 fragmenta
1206 1919 1244 1998 ἐξ
1257 1913 1391 2009 ἀδήλων

212 2036 308 2104 εἱδῶν
335 2046 480 2109 fortasse
507 2067 575 2109 non
606 2047 680 2110 sina
709 2045 820 2128 aliqua
848 2044 1090 2129 probabilitate
1124 2042 1159 2107 in
1185 2041 1390 2105 societatem

213 2160 430 2244 reliquiarum
476 2161 689 2246 Iliupersidis
735 2161 855 2224 ascisci
900 2182 997 2245 posse
1043 2159 1218 2240 videntur,
1273 2166 1390 2222 tamen

213 2284 321 2340 certa
345 2277 582 2342 documenta
604 2277 720 2343 afferri
748 2298 826 2341 non
854 2289 996 2361 possunt
1031 2277 1251 2358 incertaeque
1287 2274 1388 2339 modo

212 2393 394 2457 relationes
418 2394 594 2458 exsistunt.

318 2508 360 2572 In
393 2508 508 2572 tabula
542 2508 779 2574 Andromache
818 2531 894 2572 cum
926 2512 1136 2592 Astyanacte
1175 2506 1316 2570 infante
1349 2507 1387 2571 ad

212 2623 376 2707 templum
423 2625 574 2689 Latonae
616 2624 903 2708 Latoidarumque
951 2622 1120 2706 confugit3
1169 2621 1386 2687 Stesichorus

213 2739 337 2803 Tzetza
365 2747 452 2804 teste
480 2739 619 2824 (Bergk,
651 2742 693 2804 fr.
719 2740 774 2818 69)
798 2739 1056 2805 Andromachae
1084 2737 1268 2821 coniugem
1298 2740 1386 2803 Hec-

212 2866 319 2920 torem
343 2855 514 2941 Apollinis
541 2858 649 2920 filium
678 2855 775 2920 dixit.
810 2893 850 2899 —-
886 2855 1032 2920 Achillis
1059 2876 1136 2919 ossa
1159 2854 1196 2917 in
1221 2855 1387 2939 amphora

212 2994 311 3036 aurea
335 2973 471 3038 condita
500 2973 607 3037 luisse
635 2972 725 3057 apud
750 2972 988 3053 Stesichorum,
1017 2969 1182 3035 scholium
1213 2970 1383 3055 quoddam

211 3087 328 3152 Iliadis
352 3087 492 3174 (Bergk,
517 3090 559 3152 fr.
585 3090 639 3164 72)
663 3096 792 3169 narrat;
816 3088 1007 3172 sepulcrum
1026 3085 1173 3150 Achillis
1197 3086 1385 3150 Stesichori

213 3203 249 3266 in
273 3204 476 3289 Iliuperside
511 3206 627 3288 magni
652 3204 815 3268 momenti
843 3204 948 3267 fuisse
977 3203 1171 3288 Polyxenae
1195 3202 1385 3267 immolatio

211 3320 309 3384 docet
331 3321 367 3384 in
379 3322 503 3386 tabula.
521 3357 562 3366 -
579 3320 821 3406 Astyanactem
845 3341 987 3404 puerum
1010 3319 1227 3383 innocentem
1245 3319 1384 3401 (Bergk,

210 3437 251 3499 fr.
290 3440 344 3501 lii:
381 3427 545 3517 dm'patov
583 3430 767 3517 natda²2⁶);
803 3436 903 3500 Hom.
938 3435 979 3499 Il.
1008 3435 1091 3516 XX,
1128 3435 1195 3498 200
1232 3441 1270 3498 et
1306 3437 1382 3500 431:

211 3543 384 3636 temtator,
408 3553 448 3616 Il.
465 3552 594 3635 XXIV,
621 3555 698 3618 726:
723 3542 808 3623 πάϊς
831 3540 857 3610 d'
885 3542 933 3610 ἔτι
957 3542 1077 3634 νήπιος
1100 3537 1233 3630 αὕτως.)
1265 3551 1383 3616 Graeci

211 3669 465 3750 interemerunt,
491 3690 533 3730 na
558 3669 633 3752 quis
657 3668 746 3732 ultor
770 3667 890 3731 Troiae
915 3667 1047 3730 dirutae
1074 3673 1280 3747 remaneret,
1310 3666 1384 3752 quia

211 3791 262 3847 est
287 3775 414 3867 νήπιος,
440 3770 475 3856 ὃς
498 3777 627 3865 πατέρα
651 3776 778 3854 κτείνας
800 3778 927 3854 παῖδας
951 3774 1157 3842 sataleiam.
1183 3817 1226 3825 —
1266 3783 1382 3866 Ingra-

210 3909 279 3964 tam
303 3907 437 3964 noctem
461 3908 561 3983 atque
590 3899 777 3964 insomnem
808 3900 955 3981 (Bergk,
980 3900 1020 3962 fr.
1047 3900 1102 3964 78:
1128 3884 1307 3980 iiaaprcvog)
1331 3900 1383 3963 ha-

316 4083 380 4152 225)
399 4083 505 4147 Fricke,
524 4101 550 4153 p.
568 4086 610 4143 ltu
630 4083 738 4139 Nissen.
758 4101 782 4152 p.
798 4085 861 4145 artu
882 4082 990 4135 Prollor.
1004 4080 1118 4149 mythol.
1129 4097 1169 4149 gr.
1185 4081 1227 4146 II,
1246 4085 1270 4147 l,
1290 4101 1317 4154 p.
1328 4084 1383 4136 313.

210 4206 243 4212 -
263 4173 325 4242 226)
345 4173 474 4227 Similiter
487 4172 618 4225 iudicavit
636 4173 674 4225 ll.
689 4173 792 4240 Meyer,
811 4171 845 4225 dc
856 4171 996 4243 Euripidis
1010 4169 1197 4240 mythopoeia,
1216 4171 1286 4227 diss.
1300 4173 1383 4227 Barcl.

211 4265 288 4327 1884,
307 4280 333 4335 p.
353 4265 395 4319 53.
