2872 4912
612 283 829 345 -81-

131 456 231 520 infra
254 456 348 539 (XII,
369 457 532 534 131—52)
561 458 769 543 amplissime
799 459 967 544 descripta
991 465 1052 523 est.
1100 456 1248 523 Cononis
1272 453 1308 521 in

132 573 389 638 narrationibus
406 570 475 654 (34)
492 574 644 639 Helenus
661 575 802 639 Graecis
828 576 975 658 „donum
992 576 1167 640 Minervae
1183 570 1307 639 1111116ιι

135 696 274 753 coactus
302 689 551 754 aedificandum
580 691 694 774 suasit,
731 713 830 776 quern
867 692 1015 756 eundum
1044 691 1166 776 Dictys
1195 690 1249 772 (V,
1275 690 1308 771 9)

136 826 309 870 suasorem
342 807 494 908 protulit.
541 806 574 872 A
601 807 757 872 Minerva
792 813 904 872 autem
932 809 1065 892 Epeum
1100 807 1164 872 hoo
1198 807 1310 870 facere

136 921 267 986 iussum
292 944 365 986 esse
388 930 520 1006 praeter
544 924 730 988 Homerum
753 923 853 988 multi
877 923 935 987 alii
958 929 1181 988 narraverunt
1204 924 1309 1007 scrip-

136 1032 302 1119 tores.¹⁷⁹)
349 1038 405 1103 Sic
440 1039 475 1103 in
511 1039 616 1104 calice
640 1039 785 1124 quodam
808 1034 1012 1104 Volcentino
1036 1062 1141 1126 prope
1164 1040 1308 1124 Elpeum,

137 1155 197 1240 qui
236 1156 404 1240 scalprum
443 1156 668 1240 malleumque
707 1155 862 1221 manibus
901 1163 1005 1239 tenet,
1053 1156 1209 1220 Minerva
1248 1154 1310 1218 dea

137 1271 275 1356 depicta
300 1266 425 1353 est.¹⁸⁰)

245 1387 343 1452 Scala
365 1388 485 1452 heroas
509 1389 598 1473 apud
623 1388 852 1453 Stesichorum
876 1410 953 1453 usos
978 1410 1061 1469 esse,
1089 1410 1163 1452 cum
1189 1389 1310 1472 equis

137 1525 240 1568 cavea
264 1503 517 1586 descenderent,
542 1527 560 1568 e
576 1503 690 1568 tabula
707 1504 901 1586 concludas3
927 1503 1017 1568 idem
1031 1502 1179 1580 Quintus
1197 1503 1309 1585 (XHI,

136 1621 192 1696 51)
228 1626 263 1684 et
286 1620 540 1706 Tryphiodorus
569 1627 805 1703 narraverunt3
843 1621 1017 1704 Vergilius
1045 1617 1145 1702 (Aen.
1163 1619 1207 1703 II,
1232 1619 1309 1697 262)

133 1759 217 1801 vero
243 1744 277 1801 et
300 1736 525 1822 Apollodorus
550 1736 604 1820 (V,
632 1736 696 1818 19),
733 1760 792 1822 per
816 1738 932 1801 funem
957 1735 1140 1800 demissum
1165 1756 1221 1799 eos
1252 1735 1309 1799 de·

133 1853 248 1939 lapsos
273 1875 355 1917 esse.
400 1854 443 1917 In
465 1875 619 1937 gemmae
643 1853 815 1917 cuiusdam
840 1846 1096 1935 fragmento¹⁸¹l
1120 1857 1154 1915 et
1171 1852 1260 1915 scala
1276 1859 1310 1915 et

88 2036 90 2045 ,
132 1969 229 2034 funis
253 1970 361 2034 incisa
385 1975 478 2052 sunt;
508 1969 723 2033 uirGsraecus
746 1969 848 2053 plane
872 1968 1012 2031 inermis
1036 1967 1072 2030 in
1097 1967 1186 2031 scala
1210 1973 1308 2050 astat,

133 2108 239 2171 quem
261 2085 428 2150 Millinius
453 2084 640 2150 Sinonem
677 2107 748 2148 esse
783 2084 927 2166 putavit,
968 2085 1026 2168 qui
1065 2083 1143 2168 equi
1177 2089 1309 2168 portam

132 2201 237 2266 modo
254 2201 392 2266 Graecis
417 2202 618 2287 aperuisset3
643 2200 701 2264 alii
725 2200 843 2264 heroes
867 2200 933 2264 duo
955 2222 1016 2284 per
1038 2200 1156 2288 funem
1181 2198 1310 2284 delapsi

133 2324 227 2399 sunt,
252 2319 310 2403 qui
334 2319 370 2382 in
394 2319 477 2383 duas
501 2318 596 2402 quasi
620 2339 718 2380 ansas
743 2316 952 2397 terminatur,
978 2315 1014 2379 in
1038 2314 1159 2399 quibus
1182 2313 1310 2398 singuli

132 2433 241 2521 pedes
265 2434 442 2520 utriusque
469 2435 535 2498 viri
570 2433 743 2497 insistunt.
801 2433 843 2496 In
878 2432 992 2496 tabula
1027 2437 1141 2494 nostra
1177 2452 1309 2515 quoque

132 2553 250 2616 virum
265 2574 350 2634 eum,
359 2551 418 2636 qui
431 2551 553 2615 scalam
567 2548 722 2614 manibus
735 2546 1008 2630 tenet,Sinonem
1021 2569 1093 2611 esse
1107 2546 1308 2628 existimem,

133 2689 238 2753 quem
263 2667 384 2732 Graeci
406 2665 581 2731 Tenedum
605 2666 641 2729 in
666 2665 813 2729 insulam
836 2664 946 2728 avecti
971 2662 1183 2727 verberatum
1207 2662 1308 2726 muti-

132 2785 310 2868 latumque
334 2783 550 2868 reliquerant,
575 2788 610 2846 et
634 2781 728 2846 cuius
754 2779 839 2844 dolis
864 2778 1009 2866 permoti
1026 2778 1165 2842 Troiani
1182 2800 1305 2862 equum

133 2901 172 2965 in
197 2922 309 2965 arcem
332 2904 541 2984 receperunt.
588 2897 735 2983 Aperuit
759 2895 881 2960 deinde
895 2895 1002 2960 Sinon
1015 2916 1138 2979 equum
1150 2892 1308 2958 heroibus

132 3017 325 3102 impletum,
339 3015 526 3100 ceterisque
539 3014 678 3080 Graecis
695 3014 769 3078 face
785 3013 873 3076 elata
889 3012 1025 3094 signum
1049 3009 1178 3074 reditus
1202 3009 1307 3073 dedit.

132 3133 216 3218 Ipsa
239 3131 373 3197 tabulae
396 3132 506 3216 figura
529 3131 630 3194 armis
654 3129 781 3194 nudata
813 3125 953 3213 propter
986 3148 1121 3190 omnem
1154 3125 1308 3190 habitum

135 3249 264 3335 optime
288 3248 432 3334 quadrat
455 3248 491 3312 in
516 3248 688 3312 Sinonem.
736 3245 841 3310 Cuius
865 3265 988 3308 nomen
1013 3263 1213 3326 quamquam
1238 3242 1308 3304 Ho-

132 3387 248 3431 merus
272 3364 423 3429 nondum
448 3362 734 3444 commemoravit,
759 3381 938 3447 personam
962 3359 1049 3424 hanc
1073 3365 1188 3422 tamen
1212 3357 1308 3422 brevi

132 3489 211 3569 post
235 3482 272 3546 in
296 3481 421 3546 fabulis
445 3481 618 3544 exstitisse
641 3478 760 3562 negari
776 3499 845 3542 non
860 3482 983 3562 potest.
1021 3474 1200 3538 Arctinum
1217 3473 1308 3536 enim

134 3597 274 3664 Sinonis
297 3597 362 3661 iam
380 3597 590 3661 mentionem
607 3594 728 3659 fecisse
744 3594 884 3659 Proolus
901 3598 1054 3673 testatur,
1081 3590 1139 3674 qui
1155 3589 1191 3652 in
1209 3610 1307 3672 argu-

132 3721 249 3781 mento
260 3713 472 3800 Iliupersidis
482 3712 619 3777 Aretini
629 3711 712 3776 haec
726 3710 876 3795 scripsit:
892 3701 948 3768 καὶ
959 3700 1062 3767 Σίνων
1076 3698 1152 3778 corle
1161 3697 1308 3788 πυρσοῦς

252 3952 313 4015 179)
341 3951 426 4004 Hom.
456 3948 508 4004 Od.
532 3949 617 4014 VIII,
655 3947 792 4012 492-933
830 3947 863 3999 Il.
887 3945 953 4010 XV,
982 3945 1098 4008 70—713
1135 3940 1251 3995 Lesches
1279 3941 1308 3993 iu

130 4043 222 4099 Procli
242 4041 390 4105 chrestom3
411 4040 516 4109 Hygin.
535 4038 591 4092 fab.
606 4039 668 4103 10&
689 4037 772 4106 Verg.
786 4036 854 4090 Aen.
868 4035 908 4100 II,
928 4037 960 4088 31
975 4040 1001 4088 et
1019 4034 1082 4097 2643
1103 4031 1223 4098 Quintus
1237 4030 1307 4095 ΧΠ,

132 4133 283 4188 142-144.
315 4162 348 4169 -
381 4130 442 4198 180)
473 4127 611 4192 Gerhard,
642 4127 776 4180 Auserles.
809 4124 989 4179 Vaseubilder
1021 4122 1077 4187 ΙΙΙ,
1110 4121 1241 4174 sss-30.
1273 4151 1306 4157 —

130 4227 193 4287 181)
218 4221 425 4286 Winkelmaun‚
453 4219 527 4272 Mon.
552 4216 622 4271 iueil.
650 4235 726 4269 num.
747 4216 810 4280 1193
839 4214 938 4279 Millin,
966 4212 1065 4282 geldris
1093 4209 1306 4279 mythologique,

125 4336 153 4389 p.
174 4318 201 4383 2,
221 4312 279 4367 tab.
300 4312 359 4377 167,
379 4310 438 4364 606.

1094 4409 1110 4462 6
