2872 4912
542 252 761 315 ..37-

175 427 283 492 Η660
311 428 442 513 imago
472 429 513 493 in
540 435 622 493 tres
651 436 785 510 partes
815 435 952 514 potest
985 427 1196 510 distribui,
1225 450 1243 490 6

65 543 190 627 quibus
214 565 361 609 summa
378 544 512 611 Troiam
530 544 691 630 oppidum
715 551 947 630 repraesentat
970 543 1145 609 moenibus
1173 544 1242 607 cin·

66 665 159 723 ctum
173 666 208 723 61
219 660 382 742 turribus,
397 683 429 723 16
439 660 529 724 edia
545 661 702 725 Hectoris
716 672 750 724 et
763 661 906 725 Achillis
919 661 1080 742 tumulos;
1098 661 1243 724 infima

66 775 152 839 duos
188 775 341 841 continet
376 777 470 842 sinus
499 777 695 860 maritimae,
726 777 783 863 qui
808 777 876 841 alta
904 777 1049 861 quadam
1078 776 1242 840 incisione

66 897 231 956 notantur
259 898 360 978 atque
395 894 621 977 seiunguntur
644 893 734 957 inter
767 915 803 957 se
838 893 934 958 tenui
968 893 1109 977 lingula,
1146 893 1241 957 cuius

70 1014 222 1072 extrema
246 1008 283 1074 in
305 1018 402 1094 parte
427 1010 545 1095 cippus
568 1008 739 1094 prominet
762 1009 863 1073 titulo
888 1001 1039 1088 Σείγαιον
1061 1009 1240 1094 adscripto.

65 1124 224 1188 Alterum
258 1125 369 1189 sinum
402 1147 505 1190 naves
541 1125 745 1189 Graecorum
778 1131 1037 1210 occupaverunt,
1074 1124 1110 1188 in
1135 1125 1240 1188 altero

65 1239 203 1304 Aeneas
228 1263 303 1306 cum
328 1241 398 1306 suis
422 1241 497 1306 vele
521 1248 661 1304 conatur
685 1241 720 1304 in
745 1241 850 1305 altum
875 1241 965 1305 dare.
1011 1239 1103 1317 Quae
1128 1240 1240 1305 omnia

65 1357 194 1441 optime
218 1364 411 1442 congruunt
433 1380 508 1421 cum
525 1356 763 1442 geographicis
780 1356 956 1421 Strabonis
972 1356 1084 1438 (XIII,
1100 1379 1132 1441 p.
1150 1355 1239 1440 595),

66 1474 125 1558 qui
149 1473 296 1558 scripsit,
323 1474 527 1538 Graecorum
549 1480 658 1537 castra
681 1473 816 1537 navalia
841 1479 876 1536 61
899 1472 1043 1536 Achillis
1070 1473 1238 1536 tumulum

64 1611 169 1674 propo
198 1591 364 1654 munitum
402 1591 675 1674 promunturium
703 1590 843 1674 Sigeum
871 1589 985 1671 fuisse,
1016 1594 1116 1672 atque
1146 1610 1237 1652 cram

65 1705 270 1770 maritimam
293 1707 442 1771 litteram
466 1726 481 1766 ε
504 1706 641 1770 16111611.

173 1821 337 1886 Videmus
370 1821 514 1908 proinde
543 1824 578 1886 in
608 1829 730 1907 ectypo
760 1828 885 1886 terram
913 1821 954 1886 ab
983 1843 1039 1885 ora
1068 1821 1237 1884 maritima

63 1938 227 2024 paulatim
251 1945 485 2022 assurgentem
508 1937 677 2023 usquead
701 1961 866 2003 summam
891 1960 1011 2002 arcem.
1058 1937 1147 2001 Urbs
1163 1938 1237 2021 ipsa

63 2055 98 2118 in
127 2061 198 2118 tres
226 2055 348 2119 iterum
378 2063 491 2141 partes
520 2061 632 2140 potest
665 2053 833 2138 distribui,
868 2055 904 2118 in
933 2054 1051 2118 urbem
1083 2053 1236 2117 infimam

63 2193 139 2235 curn
163 2178 274 2256 porta;
303 2171 449 2236 mediam
478 2193 562 2256 quae
591 2171 745 2235 continet
774 2170 904 2234 Priami
931 2170 1060 2253 regiam
1084 2192 1103 2233 a
1126 2169 1235 2234 tribus

61 2287 216 2372 partibus
245 2287 490 2352 circumdatam
519 2286 706 2371 porticibus
742 2294 776 2349 61
810 2285 876 2350 11110
900 2287 1039 2370 templa3
1070 2309 1235 2350 summam

61 2403 209 2487 denique
226 2411 261 2466 et
283 2405 428 2467 maxime
445 2403 582 2486 editam,
606 2402 664 2466 ubi
681 2403 845 2486 templum
869 2402 1044 2466 Minervae
1061 2403 1234 2486 depictum

58 2527 113 2583 est
137 2519 245 2583 tribus
269 2519 422 2602 partibus
446 2525 599 2603 saeptum
624 2519 819 2603 porticibus,
844 2524 939 2582 extra
962 2541 1044 2603 quas
1070 2542 1088 2583 a
1113 2519 1232 2582 dextra

58 2637 224 2720 laevaque
248 2642 344 2720 parte
369 2635 590 2699 Troianorum
615 2634 733 2700 domus
758 2635 1022 2720 conspiciuntur.

169 2752 328 2835 Singulas
368 2751 502 2815 tabulae
541 2751 667 2834 figuras
711 2750 900 2816 describere
944 2773 1231 2836 supervacaneum

57 2869 131 2932 fere
159 2867 296 2933 videtur
329 2889 412 2950 esse,
447 2875 624 2952 postquam
659 2888 734 2931 cum
763 2867 822 2931 alii
853 2873 927 2931 tum
955 2866 1095 2931 Iahnius
1123 2889 1232 2950 nuper

55 2983 212 3069 pluribus
236 2983 277 3047 de
301 2983 344 3047 iis
372 2991 530 3066 egerunt3
561 2982 720 3067 quoniam
744 2989 857 3046 autem
886 2982 997 3046 dubiis
1025 2982 1231 3067 incertisque

55 3099 206 3166 Fecdori
224 3099 441 3184 Sohulziique
465 3099 750 3164 delineationibus
767 3099 819 3162 1111
836 3105 915 3163 sunt
931 3099 994 3180 usi,
1019 3120 1080 3162 nos
1102 3099 1231 3182 optimc

56 3219 134 3280 iure
158 3221 272 3280 nostra
296 3216 410 3301 ectypi
434 3195 583 3299 imagine
606 3213 659 3279 us'i
696 3214 847 3298 singulas
875 3214 1001 3298 figuras
1024 3214 1140 3298 paucis
1175 3237 1230 3278 ex-

14 3415 16 3418 ,
54 3332 186 3418 plicare
209 3331 416 3396 conabimur.

166 3565 211 3628 In
240 3587 388 3629 summa
422 3587 510 3628 arce
540 3587 559 3628 a
589 3563 706 3628 dextra
730 3569 764 3627 61
787 3563 883 3628 laeva
910 3568 1006 3647 parte
1038 3563 1230 3648 porticuum

55 3689 284 3767 pugnatorum
307 3681 401 3765 paria
425 3681 560 3764 singula
588 3680 857 3765 conspiciuntur,
883 3677 1127 3744 delineationes
1152 3702 1228 3743 curn

54 3807 173 3863 nostra
206 3797 356 3881 imagine
383 3798 454 3860 fere
483 3803 683 3880 congruunt.
734 3795 909 3860 Porticum
941 3795 1114 3860 reductam
1143 3796 1229 3860 Fec-

55 3914 157 3979 dorus
191 3913 393 3997 interrumpi
426 3913 571 3998 putavit,
605 3913 664 3976 ubi
696 3913 862 3997 templum
894 3911 1069 3975 Minervae
1104 3918 1164 3994 est,
1193 3917 1227 3975 et

54 4031 108 4095 his
123 4030 249 4095 finibus
266 4030 368 4093 etiam
389 4029 650 4093 architecturam
671 4028 817 4111 addidit,
844 4027 1044 4092 Schulziana
1061 4034 1095 4090 61
1111 4034 1227 4092 nostra

55 4147 169 4230 imago
197 4145 365 4231 porticum
399 4145 562 4230 praebent
591 4145 794 4209 continuam.
845 4146 888 4208 In
916 4144 1050 4228 angulo,
1088 4146 1147 4229 qui
1175 4150 1227 4208 est

55 4263 145 4327 inter
175 4262 345 4348 porticum
377 4263 509 4327 laevam
537 4268 572 4326 61
600 4261 774 4351 templum,
803 4261 900 4330 miles
936 4260 1153 4349 conspicitur,
1183 4261 1224 4324 de
