2872 4912
609 274 827 340 ...(35...

131 447 211 512 iure
246 448 410 514 defendit.
463 451 558 516 Artis
593 448 874 531 monumenta¹²¹l
909 460 1170 539 composuerunt
1204 449 1307 519 Over-

131 563 276 630 beckius
300 572 335 630 et
359 566 637 651 Heydemannus.

257 762 477 829 Dextrorsum
519 772 701 851 pergentes
736 765 809 831 sine
845 766 913 831 ullo
957 765 1060 831 dubio
1099 765 1195 831 duas
1229 788 1307 830 mu-

135 877 261 942 lieres
296 901 537 964 recognoscere
572 903 759 966 possumne,
808 904 890 967 quas
926 882 1077 947 Helenae
1111 882 1307 969 propinqui-

135 1001 209 1059 tate
225 1002 398 1080 permotus
414 997 558 1062 fortasse
571 997 773 1062 Electram
791 1005 825 1062 et
837 997 1121 1062 Panthalidem
1139 999 1307 1084 appellare

135 1110 239 1194 velis,
286 1134 369 1197 quas
410 1114 596 1177 Pausanias
624 1113 684 1196 (X,
709 1116 761 1195 25,
785 1114 819 1194 4)
865 1114 1016 1178 Helenae
1048 1136 1164 1178 servas
1202 1115 1308 1178 fuisse

136 1228 253 1292 refert.
300 1228 367 1292 Sed
395 1229 537 1293 minime
565 1228 628 1293 hae
652 1228 781 1312 figurae
805 1252 880 1294 cum
904 1229 1075 1315 superiore
1098 1230 1233 1295 tabulae
1256 1253 1307 1295 or-

137 1342 217 1407 dine
232 1352 375 1428 possunt
390 1345 557 1428 ooniungi.
594 1341 875 1426 Schornius¹²²)
902 1345 1109 1430 superiorem
1130 1368 1308 1432 personam

136 1460 357 1525 Phisadien
379 1461 434 1525 vel
452 1460 648 1544 Thisadian‚
665 1461 814 1526 Pirithoi
830 1483 977 1526 sororem
1001 1461 1201 1546 nominavit,
1218 1463 1307 1547 quod

137 1576 223 1641 nihil
252 1576 344 1640 aliud
367 1577 434 1641 nisi
461 1577 604 1641 alterum
629 1578 810 1662 Clymenes
838 1599 961 1642 nomen
989 1599 1061 1641 esse
1092 1577 1308 1642 existimave-

136 1693 212 1774 rim,
237 1693 428 1757 cumidem
453 1692 494 1756 de
518 1691 678 1758 Phisadie
702 1702 803 1779 atque
827 1692 868 1757 de
894 1693 1058 1776 Clymene
1087 1689 1306 1773 tradatur¹²³).

138 1807 236 1884 Quod
268 1830 349 1873 vero
385 1808 579 1894 Clymene
614 1831 681 1874 una
716 1832 792 1874 cum
827 1809 957 1874 Aethra
991 1817 1090 1896 capta
1129 1820 1190 1892 est,
1231 1832 1306 1874 cum

135 1924 302 1989 Schornio
336 1925 449 1989 facere
477 1947 545 1990 non
574 1947 718 2010 possum,
754 1926 912 2011 quoniam
941 1925 1024 1990 haec
1059 1918 1202 2012 persona
1230 1948 1306 1990 cum

136 2040 258 2105 ceteris
293 2040 449 2106 sinistrae
472 2041 579 2126 partis
603 2040 722 2125 figuris
746 2041 858 2106 minus
887 2042 1051 2106 cohaeret
1104 2042 1308 2107 Robertus

135 2156 181 2242 (p.
210 2159 286 2234 108)
315 2157 451 2242 quidem
479 2158 516 2220 in
546 2169 667 2242 ectypo
695 2157 769 2240 ipso
797 2157 883 2221 nihil
920 2159 1005 2222 certi
1033 2158 1204 2242 cognovit,
1240 2159 1308 2222 rui-

134 2295 284 2357 namque
313 2280 372 2337 aut
394 2272 517 2337 rudera
552 2259 782 2338 aedificiorum
805 2281 1058 2359 repraesentata
1092 2275 1197 2338 fuisse
1232 2296 1309 2338 cum

134 2389 266 2454 Matzio
299 2389 457 2474 opinatus
493 2394 553 2452 est.
601 2387 914 2472 Heydemannus
949 2396 1099 2454 nostram
1133 2390 1308 2454 mulierem

132 2505 234 2570 humi
272 2503 447 2570 sedentem
487 2504 757 2582 maestissimum,
797 2505 891 2570 cuius
930 2505 1083 2570 habitum
1119 2506 1218 2570 Gallo
1258 2506 1309 2569 illi

134 2620 340 2685 moribundo
375 2643 443 2685 non
480 2621 530 2685 ita
558 2619 758 2686 dissimilem
788 2643 860 2686 esse
883 2628 975 2686 recte
999 2620 1139 2686 Iahnius
1164 2644 1309 2686 comme·

132 2737 293 2819 muravit,
318 2737 404 2802 miro
429 2736 574 2822 quodam
610 2737 709 2801 modo
743 2738 938 2802 Helenam
975 2738 1161 2825 appellavit
1195 2740 1241 2824 (p.
1266 2740 1309 2802 30

132 2861 172 2918 et
197 2853 262 2936 35),
288 2859 323 2917 et
346 2875 393 2937 ea,
420 2875 505 2938 quae
529 2859 611 2918 ante
634 2854 752 2917 fanum
774 2854 917 2919 Veneris
940 2855 1099 2918 accidunt
1122 2854 1159 2918 in
1182 2853 1307 2936 tabula,

131 2992 204 3034 una
229 2991 305 3034 cum
328 2970 463 3034 Konsta
476 2968 660 3034 Stesichori
685 2969 891 3034 carminibus
914 2969 1103 3054 abrogavit,
1128 2969 1218 3054 quod
1242 2991 1308 3054 quo

132 3085 210 3150 iure
232 3085 362 3167 fecerit,
388 3085 478 3150 infra
501 3084 638 3150 docebo.

244 3201 319 3285 Ego
339 3200 542 3266 Medusam
564 3224 638 3266 eam
667 3201 943 3285 significaverim‚
971 3224 1072 3285 quam
1093 3201 1307 3266 Stesichorus

131 3316 265 3382 Priami
285 3316 393 3381 filiam
416 3315 503 3381 dixit
525 3323 612 3382 teste
636 3312 881 3398 Pausania¹2⁴),
904 3318 1106 3404 praesertim
1130 3340 1207 3382 cum
1231 3340 1307 3412 sep·

133 3433 267 3497 tentiae
294 3454 389 3497 meae
424 3433 645 3518 probabilitas
669 3441 834 3516 augeatur
867 3433 972 3497 altera
996 3455 1104 3516 causa,
1141 3433 1220 3518 quia
1243 3432 1306 3498 Po·

133 3549 300 3633 lygnotus
337 3570 471 3634 quoque
505 3551 541 3614 in
576 3548 690 3614 lescha
717 3549 926 3635 Delphorum
962 3549 1010 3612 sic
1045 3550 1116 3613 fere
1153 3548 1308 3633 depinxit

134 3663 323 3729 Medusam.
371 3665 467 3730 Tunc
491 3666 614 3730 artifex
636 3665 803 3730 rationem
828 3674 862 3730 et
884 3665 1027 3730 formam
1056 3665 1215 3750 imaginis
1239 3673 1307 3728 tra-

135 3780 229 3846 ditae
252 3781 323 3844 1616
346 3781 498 3846 retinuit.

245 3936 306 4004 121)
326 3937 458 4003 Overbek‚
473 3938 507 3992 G.
521 3937 549 3991 h.
563 3937 594 3990 B.
608 3937 632 4003 Ι,
646 3956 672 4008 p.
688 3939 824 4004 ors-rm
844 3937 1037 4006 Heydemanm
1058 3937 1139 4008 lliup.
1153 3937 1179 3990 d.
1194 3937 1308 4007 Brygos,

134 4046 161 4100 p.
182 4026 293 4080 221161.
313 4029 341 4092 33
361 4027 396 4080 cf.
416 4027 760 4098 p.17-18‚‘21-22‚35.
782 4059 813 4067 —
836 4027 897 4092 122)
916 4026 1247 4081 Schor11·Tischbcin.l.l.
1268 4026 1307 4079 ΙΙ.

134 4136 161 4189 p.
175 4117 210 4170 23
230 4133 294 4170 cum
313 4123 369 4170 not.
389 4116 432 4170 23.
454 4149 484 4157 -
508 4117 568 4182 123)
588 4117 693 4186 Hygin.
712 4117 768 4171 fab.
784 4118 817 4170 19
831 4123 857 4170 ct
870 4117 913 4170 9⁸2.
937 4116 1123 4170 Rossbachius
1138 4117 1307 4186 incorrupto

132 4207 247 4262 nomine
275 4206 443 4272 ,‚Pisidicen“
472 4207 556 4259 latero
583 4213 671 4276 putat.
701 4239 734 4246 -
764 4207 825 4272 124)
854 4205 1031 4271 Pausa11.X,
1053 4205 1096 4270 21),
1119 4210 1134 4258 ll
1155 4229 1189 4253 =
1208 4205 1306 4275 Bergk,

133 4299 206 4354 stes.
225 4296 273 4362 21;
291 4296 444 4367 Apollodcr
463 4296 519 4360 ΙΙΙ,
536 4296 576 4361 12,
591 4299 616 4349 9.

1095 4405 1111 4456 5
