2872 4912
688 263 905 330 ..„.50-

216 443 337 531 quibus
353 443 453 510 rebus
472 453 505 510 et
522 467 585 529 ego
601 444 701 509 initio
717 450 889 529 permotus
906 465 989 522 sum,
1015 451 1054 508 ut
1069 450 1208 530 propter
1226 444 1380 509 Hecubae

216 562 504 647 propinquitatem
521 568 555 625 et
567 560 807 624 concinnitatis
818 581 918 624 causa
934 560 1079 644 figuram
1093 583 1164 624 eam
1178 561 1311 625 Priami
1323 561 1382 624 He·

217 677 387 763 cubaeque
404 677 509 741 filiam
526 699 597 740 esse
613 683 782 761 putarem;
808 676 856 740 sio
880 675 1020 741 Iahnius
1038 681 1080 762 (p.
1105 677 1162 758 23)
1179 685 1214 740 et
1229 677 1383 742 Welcker

217 793 272 875 (Α.
289 795 331 858 D.
353 795 398 876 II,
423 817 454 879 p.
476 795 549 871 193)
577 791 753 857 Medusam
784 815 855 856 esse
888 793 1135 876 cogitaverunt.
1184 793 1253 870 Qui
1278 801 1383 857 autem

216 910 403 994 imaginem
419 917 568 974 nostram
590 908 790 993 diligentius
815 909 1062 994 contemplatus
1087 909 1160 992 erit,
1185 909 1287 974 facile
1313 931 1383 974 oon·

218 1025 324 1109 cedet,
342 1048 518 1111 personam
535 1025 635 1110 plane
652 1047 724 1088 esse
741 1024 881 1107 nudam;
898 1047 1008 1110 neque
1024 1025 1219 1090 bracchium
1233 1024 1384 1089 dextrum

218 1142 323 1227 cupiti
346 1142 557 1228 suppositum
579 1149 640 1224 est,
665 1141 752 1205 sicut
774 1140 947 1206 Feodorus
973 1142 1086 1216 voluit,
1112 1140 1171 1204 sed
1195 1141 1385 1205 bracchium

218 1265 398 1342 utrumque
427 1258 523 1322 iuxta
552 1279 671 1343 corpus
694 1264 885 1343 porrectum
911 1263 964 1320 est
987 1257 1122 1340 lassum,
1155 1264 1194 1321 ut
1218 1263 1385 1342 appareat,

219 1375 367 1438 animam
383 1396 455 1438 esse
473 1373 633 1437 efflatam.
669 1374 703 1437 Μ
707 1395 837 1438 ammae
854 1372 1034 1437 muliebres
1050 1395 1117 1437 non
1131 1381 1386 1456 cognoscuntur,

218 1492 347 1554 femora
370 1495 486 1554 carent
510 1511 648 1553 carnosa
672 1489 730 1552 illa
753 1489 897 1554 mollitie
922 1489 1087 1554 muliebri.
1135 1490 1211 1553 Meo
1237 1490 1312 1554 iure
1328 1489 1387 1573 igi-

218 1615 274 1671 tur
309 1606 534 1691 despoliatum
570 1628 643 1669 esse
678 1605 790 1669 virum
825 1604 947 1688 iudico,
984 1606 1072 1669 siout
1107 1606 1210 1670 etiarn
1239 1606 1276 1669 in
1307 1627 1388 1670 urna

219 1722 432 1788 Vivenziana
459 1721 588 1785 Priami
616 1743 721 1806 prope
750 1721 886 1785 caedem
915 1721 1012 1785 heros
1041 1721 1179 1806 quidam
1214 1722 1251 1785 in
1280 1744 1389 1805 genua

220 1837 420 1923 procumbit,
444 1844 482 1928 ut
498 1837 728 1902 adversarium
749 1837 963 1920 profligatum
982 1846 1082 1902 exuat
1098 1832 1255 1916 armis⁸⁰l
1305 1837 1391 1915 Quid

220 1953 348 2017 multa?
378 1954 504 2038 optime
525 1952 714 2017 Pausaniae
737 1951 841 2016 verba
866 1953 966 2016 etiam
992 1953 1029 2017 in
1053 1960 1214 2039 ectypum
1239 1962 1390 2018 nostrum

221 2068 382 2134 videntur
394 2069 569 2154 quadrare.
593 2069 713 2152 Neque
730 2068 820 2132 enim
834 2069 989 2132 Priamus
1005 2069 1041 2132 in
1058 2091 1115 2134 ara
1130 2071 1204 2153 ipsa
1220 2071 1390 2153 morietur,

224 2185 304 2269 quia
338 2185 583 2269 Neoptolemus
617 2183 703 2269 pede
739 2184 907 2248 obnititur
940 2185 1087 2266 Priam0,
1123 2208 1223 2270 quem
1262 2186 1306 2251 de
1341 2210 1392 2251 ara

227 2301 380 2366 avulsum
417 2300 552 2366 demum
587 2300 813 2366 obtruncabit,
862 2300 918 2364 Sic
953 2301 1166 2366 Stesichorus
1201 2309 1236 2365 et
1269 2302 1336 2367 hoc
1364 2311 1392 2366 et

222 2417 288 2480 alio
326 2417 400 2481 loco
441 2416 628 2481 crudeliora
665 2417 816 2481 facinora
858 2417 1034 2500 mitigasse
1073 2417 1219 2482 videtur.
1278 2420 1391 2505 Soulp

205 2541 330 2597 torem
355 2539 469 2596 autem
485 2533 658 2597 Romanae
675 2533 869 2597 traditionis
894 2540 952 2597 aut
969 2533 1113 2616 Vergilii
1137 2534 1268 2598 nullam
1293 2536 1392 2600 habu-

222 2650 288 2712 isse
316 2649 492 2730 rationem,
523 2648 677 2712 Priamus
707 2654 853 2713 testatur
879 2650 981 2734 plane
1010 2649 1160 2732 inermia,
1196 2673 1278 2715 nam
1310 2650 1394 2738 apud

225 2757 457 2847 Vergilium⁷⁷l
480 2763 636 2828 Priamus

333 2902 444 2963 „arma
468 2879 528 2943 diu
552 2879 663 2943 senior
686 2879 825 2944 desueta
849 2882 1073 2946 trementibus
1098 2901 1181 2947 aevo

332 2995 518 3060 circumdat
542 2995 746 3080 nequiquam
770 2997 896 3061 umeris
921 3004 955 3061 et
978 2997 1101 3062 inutile
1124 2999 1253 3062 ferrum

333 3111 483 3196 cingitur
508 3159 676 3175 ......
713 3113 885 3198 telumque
908 3113 1033 3178 inbelle
1057 3114 1130 3178 sine
1153 3114 1226 3178 ictu

335 3224 511 3308 coniecit“,

225 3343 315 3429 apud
340 3343 568 3407 Stesichorum
592 3365 673 3408 vero
702 3367 804 3434 senex
828 3346 968 3410 inermis
993 3347 1088 3430 regio
1113 3369 1188 3410 oum
1213 3355 1341 3414 ornatu
1365 3349 1397 3413 in

227 3481 318 3523 aram
344 3459 499 3543 confugit
535 3482 610 3524 cum
638 3461 791 3535 „crinium
826 3463 934 3526 fretus
963 3463 1088 3526 canitie
1112 3465 1305 3530 reverenda
1329 3473 1397 3530 tum

226 3575 292 3639 loci
316 3577 497 3640 sanctitate
522 3576 683 3658 confisus;
720 3599 819 3661 quam
849 3577 890 3641 ob
918 3600 989 3642 rem
1013 3578 1209 3642 Fabrettius
1239 3581 1285 3666 (p.
1312 3580 1395 3664 370),

227 3691 380 3774 Begerus
405 3691 448 3776 (p.
466 3692 530 3773 59),
555 3693 613 3755 alii
636 3692 763 3755 iniuste
791 3693 856 3757 huc
879 3694 1083 3758 rettulerunt
1099 3695 1247 3779 Vergilii
1272 3721 1397 3780 versus

229 3807 413 3871 secundum
437 3829 520 3891 quos
538 3807 693 3870 Priamus
717 3808 973 3894 aNeoptolemo
997 3811 1038 3875 ad
1063 3833 1153 3874 aram
1177 3813 1341 3893 trahitur,
1366 3823 1399 3879 ut

227 3931 343 3986 sancto
376 3923 449 3986 loco
485 3922 683 3987 conficiatur
706 3923 804 4005 (Aen.
830 3926 875 4008 H,
900 3928 1077 4005 550-54).
1124 3927 1235 3993 Immo
1265 3954 1322 3996 res
1353 3938 1398 3996 est

227 4039 405 4103 contraria.

338 4286 380 4336 iil
402 4285 482 4351 Verg.
501 4284 569 4337 Aen.
590 4284 802 4351 Irata-5113
824 4287 1014 4352 11,544-45.
