2872 4912
598 235 816 311 “lgm

127 417 253 488 tionem
271 422 371 505 (Aen.
389 424 435 508 ΙΙ,
448 425 614 504 oro-32)
628 432 762 489 secutus
778 425 940 489 Politen
957 446 1030 488 esse
1043 421 1231 504 existimes,
1245 419 1294 505 qui

287 547 386 623 „ante
411 541 523 605 oculos
547 549 581 605 et
604 563 661 605 ora
684 547 863 626 parentum

288 655 438 720 concidit
460 679 499 720 ac
522 657 629 721 multo
653 657 760 721 vitam
784 679 860 721 cum
884 656 1050 741 sanguine
1072 651 1200 720 fudit.“

130 772 241 850 Quare
264 771 459 836 Fabrettius
485 771 527 857 (p.
552 776 641 857 370),
667 774 817 857 Begerus
842 773 885 858 (p.
910 771 977 855 59),
1011 769 1296 836 Montefalconius

128 887 173 974 (p.
199 889 287 970 301),
312 887 698 954 Schera-Tischbeinius
723 887 1000 974 (11,p.2a)eum
1024 887 1162 953 Politen
1189 886 1296 972 appel·

127 1005 295 1086 laverunt,
308 1003 366 1068 sed
377 1004 579 1069 crediderim
595 1005 729 1070 iniuria.
755 1005 793 1082 Q.
801 1005 1008 1090 Smyrnaeus
1019 1001 1297 1087 (mala-17)

127 1122 356 1203 Pammonem,
391 1120 538 1204 Politen,
568 1121 800 1206 Tisiphonum,
836 1120 1030 1205 Agenorem
1058 1119 1188 1184 Priami
1215 1119 1298 1184 filios

129 1236 392 1322 aNecptolemo
420 1237 549 1301 occisos
579 1260 651 1301 esse
680 1237 830 1320 tradidit,
859 1259 969 1322 neque
998 1258 1078 1300 vero
1105 1241 1186 1300 ante
1212 1257 1300 1300 aram

129 1361 164 1418 et
191 1353 304 1417 oculos
327 1352 466 1435 Priami,
496 1353 555 1416 sed
580 1354 616 1417 in
641 1354 836 1418 discrimine
864 1376 1009 1438 pugnae.
1060 1353 1160 1417 Nunc
1189 1359 1300 1416 autem

131 1470 168 1534 in
192 1469 258 1533 alio
281 1470 473 1552 fragmento
497 1471 651 1534 Veronae
679 1475 850 1534 asservato
880 1469 980 1555 (apud
1004 1468 1163 1533 Iahnium
1186 1468 1301 1532 littera

130 1587 161 1650 D
205 1584 362 1669 signato),
412 1585 502 1669 quo'd
546 1585 637 1649 idem
674 1585 912 1672 Iliupersidem
950 1586 1098 1670 aliquam
1137 1584 1301 1668 depinxit,

129 1702 188 1766 sed
209 1725 262 1766 res
288 1701 386 1766 aliter
410 1700 586 1766 distribuit
610 1708 711 1786 atque
736 1708 851 1767 nostra
871 1702 994 1784 tabula,
1019 1701 1199 1787 inscriptio
1217 1701 1303 1765 inest

131 1818 227 1882 haec:
253 1808 510 1901 ,,Νεονττο’λεμος
535 1807 723 1878 ἀποκτείνει
741 1810 894 1899 Πρίαμον
909 1812 967 1878 ναὶ
980 1807 1174 1902 Ἀγήνορα.“
1216 1817 1301 1894 Quo·

131 1935 224 1998 niem
250 1933 374 1998 deinde
395 1935 481 1998 aliae
505 1935 694 2020 complures
718 1934 853 1999 tabulae
876 1935 1001 1999 lliacae
1025 1932 1171 2000 eundem
1196 1933 1302 1998 Thec-

131 2050 250 2114 dorum
265 2049 470 2135 profitentur
485 2057 667 2133 auctorem,
685 2056 799 2115 nostra
812 2073 942 2136 quoque
956 2051 992 2114 in
1005 2051 1120 2115 tabula
1133 2055 1302 2114 mortuum

134 2166 229 2230 illum
258 2167 427 2251 appellare
459 2166 577 2231 licebit
605 2166 849 2252 Agenorem3
886 2167 1085 2253 praesertim
1117 2188 1192 2230 cum
1226 2166 1303 2230 baec

132 2282 245 2366 opinio
269 2305 289 2346 a
311 2282 480 2348 Pausania
504 2283 704 2367 affirmetur,
731 2284 788 2368 qui
810 2283 1049 2369 Iliupersidem
1070 2306 1088 2346 a
1112 2283 1302 2368 Polygnoto

130 2397 167 2461 in
201 2398 314 2463 lescha
351 2399 558 2484 Delphorum
597 2398 766 2483 depictam
804 2400 853 2463 sic
891 2399 1071 2484 descripsit
1103 2399 1165 2480 (X,
1201 2401 1303 2482 27‚2):
1344 2418 1346 2461 :

138 2512 207 2573 Τοῦ
259 2503 434 2599 Ἀγήνορος
490 2509 525 2575 δὲ
568 2507 653 2575 κοντοὶ
694 2507 751 2574 τὸν
795 2505 893 2575 αὐτὸν
936 2507 1081 2600 ποιητήν
1125 2509 1303 2598 [Leschen]
1344 2524 1346 2529 ’

133 2621 369 2708 Νεοπτόλεμος
393 2620 541 2714 αὐτόχειρ
558 2623 642 2690 ἐστί·
664 2624 721 2690 καὶ
746 2620 830 2691 οὕτω
848 2624 1000 2715 φαίνοιτο
1018 2620 1057 2691 dv
1072 2619 1228 2707 Ἔχετλος
1251 2626 1306 2710 μὲν

132 2741 305 2830 φονευθεὶς
329 2735 346 2806 ὁ
368 2735 543 2830 Ἀγήνορος
577 2736 645 2807 ὑπὸ
668 2736 851 2831 Ἀχιλλέως,
886 2737 1031 2832 Ἀγήνωρ
1056 2742 1091 2807 δὲ
1115 2736 1216 2821 αὐτὸς
1240 2738 1305 2809 ὕπὸ

130 2861 190 2922 τοῦ
231 2856 478 2941 Νεοπτολέμου.
541 2863 683 2928 Homeri
728 2864 796 2927 iam
841 2865 878 2927 in
912 2863 1020 2928 iliade
1033 2858 1070 2939 74)
1111 2865 1307 2950 saepissime

132 2977 303 3062 Agenoris
326 2979 454 3044 mentio
478 2979 518 3042 fit
541 2985 579 3043 ut
602 2979 668 3044 viri
692 2980 881 3062 fortissimi,
906 2981 965 3064 qui
987 2979 1174 3045 Antenoris
1200 2982 1307 3046 Thea·

131 3095 298 3180 nonisque
322 3095 371 3160 ibi
392 3102 444 3160 est
468 3095 561 3159 filius
583 3102 617 3159 et
653 3103 788 3180 praeter
823 3103 952 3161 ceteros
988 3095 1152 3161 Troianos
1180 3097 1307 3162 virtute

132 3211 278 3276 excellit.

240 3326 307 3392 Sed
332 3328 397 3392 alia
422 3350 554 3413 quoque
579 3328 621 3392 de
645 3350 746 3392 causa
769 3329 958 3394 Pausaniae
981 3330 1037 3393 hic
1060 3330 1154 3393 locus
1181 3330 1308 3415 dignus

134 3449 195 3523 est,
226 3444 284 3529 qui
313 3450 607 3527 commemoratum
642 3445 769 3509 etenim
803 3468 879 3509 cum
906 3446 1092 3510 Pausanias
1121 3446 1309 3532 Polygnoti

134 3559 297 3624 describit
333 3560 528 3644 imaginem,
566 3583 681 3625 rerum
718 3561 840 3625 seriem
877 3561 1006 3627 Lescbe
1044 3570 1078 3626 et
1116 3562 1310 3628 Stesichoro

134 3676 279 3740 testibus
301 3676 392 3740 hunc
412 3677 449 3741 in
469 3676 608 3742 modum
624 3683 754 3740 narrat:
779 3677 819 3740 In
843 3677 1052 3763 Delphorum
1076 3678 1191 3743 lescha
1208 3702 1311 3765 supra

136 3791 324 3857 Coroebum
358 3792 486 3878 depicti
519 3799 599 3856 sunt
630 3793 786 3857 Priamus
820 3800 855 3857 et
882 3793 995 3859 Axion
1028 3800 1063 3857 et
1086 3791 1238 3878 Agenor.
1269 3832 1309 3840 -

135 3909 292 3972 Priamus
316 3908 446 3972 Lescbe
470 3915 557 3972 teste
581 3931 650 3973 non
674 3909 715 3973 in
738 3933 804 3974 ara
827 3909 919 3975 lovis
943 3917 1095 3976 mortuus
1120 3918 1182 3994 est,
1207 3914 1269 3976 sed
1293 3937 1311 3978 a

134 4025 356 4111 Neoptolemo
390 4024 436 4088 de
465 4046 531 4088 ara
561 4025 768 4090 detractus
796 4034 831 4091 et
858 4049 961 4113 prope
999 4028 1136 4091 ianuam
1168 4035 1311 4094 necatus

243 4271 286 4329 aa
306 4269 392 4322 Hom.
412 4270 445 4322 u,
465 4270 518 4336 xi,
538 4272 584 4338 aa
608 4271 691 4338 xxi,
716 4273 780 4338 mu
803 4273 855 4338 vr,
879 4273 939 4327 aas.
959 4305 992 4311 -
1012 4273 1064 4339 iv,
1083 4273 1148 4338 iou
1176 4271 1249 4342 1111,
1269 4278 1313 4330 os.
