2872 4912
622 253 817 319 ‚2-

135 432 172 497 in
205 431 326 518 primis
360 432 536 517 ingentem
571 454 789 518 personarum
825 454 1003 497 numerum
1041 454 1109 496 uno
1145 429 1308 514 imaginis

136 557 251 614 tencre
275 549 530 634 comprehendit
553 556 653 633 atque
676 549 855 634 praecipue
878 547 977 613 rebus
987 548 1142 613 Troianis
1167 569 1306 632 operam

136 665 231 730 dedit
266 665 506 750 depingendis;
544 665 592 729 sic
616 666 784 729 Pausania
812 671 948 729 auctore
976 665 1015 747 (Ι,
1042 666 1139 743 15,2)
1171 664 1207 728 in
1232 671 1307 728 stoa

134 782 397 847 Atheniensium
443 774 583 865 ποικίλη
630 780 721 845 dicta
767 781 895 866 depicti
942 786 1038 845 erant
1088 771 1118 840 oi
1154 768 1306 863 Ἕλληνες

134 887 288 982 ᾑρηκότες
308 886 408 958 Ἴλιον
434 891 490 958 καὶ
526 890 554 957 oi
585 893 734 975 βασιλεῖς
763 886 980 980 ἠθροισμένοι
1009 887 1065 957 διὰ
1094 888 1131 955 *cd
1156 887 1307 968 Αἴανιας

134 1008 167 1086 ἐς
191 1005 408 1098 Κασσάνδραν
432 1005 585 1094 τόλμημα
613 1009 704 1095 κι·λ.;,
731 1013 767 1079 in
802 1013 915 1077 lescha
948 1012 1071 1077 deinde
1094 1012 1305 1096 Delphorum

133 1130 193 1213 (X,
219 1133 272 1212 25,
298 1128 332 1212 2)
367 1154 386 1195 a
410 1131 528 1194 dextra
562 1136 658 1214 parte
686 1117 785 1201 ’λλιος
809 1121 973 1189 ἑαλωκυῖα
1001 1122 1057 1189 καὶ
1082 1117 1262 1200 ἀπόπλους
1288 1116 1304 1187 ὃ

130 1235 299 1331 Ἑλλήνιον,
329 1268 348 1310 a
376 1247 515 1311 sinistra
547 1243 607 1328 (X,
632 1248 685 1326 28,
713 1243 745 1323 1)
777 1235 954 1318 'Odoooadg
989 1237 1223 1329 καιαβεβηκιός
1258 1237 1305 1317 εἰς

133 1352 327 1447 adalardum
345 1363 428 1427 haec
443 1363 557 1446 imago
573 1363 650 1447 plus
669 1384 769 1446 quam
786 1362 960 1447 octoginta
975 1362 1111 1444 figuras,
1129 1361 1187 1424 illa
1204 1362 1307 1424 etiam

133 1480 209 1565 plus
237 1501 337 1565 quam
365 1487 500 1544 centum
529 1478 708 1543 continuit.
761 1463 924 1543 Attamen
949 1484 1120 1542 exeunte
1144 1478 1305 1541 saeculo

134 1602 272 1680 quarto
296 1595 443 1680 primum
468 1594 573 1680 cycli
597 1594 848 1659 exstiterunt
871 1588 1125 1677 imaginum2)
1150 1593 1199 1657 ita
1216 1615 1305 1658 com-

132 1712 252 1796 parati,
281 1719 320 1776 ut
344 1711 467 1776 artifex
490 1733 560 1775 rem
585 1734 605 1775 a
627 1717 729 1795 poeta
753 1711 898 1795 quodam
921 1709 1127 1794 propositam
1152 1709 1306 1793 singulas

133 1828 170 1892 in
201 1833 315 1914 partes
348 1827 543 1912 disponeret
575 1834 676 1911 atque
709 1833 823 1911 partes
856 1849 912 1890 eas
943 1826 1166 1909 coniungeret
1189 1848 1305 1889 rursus

133 1943 303 2008 communi
319 1943 464 2028 quodam
480 1943 627 2007 vinculo.
652 1943 745 2007 Theo
762 1943 810 2007 sic
828 1942 961 2006 Samius
977 1941 1104 2006 bellum
1120 1942 1306 2006 Troianum

133 2059 330 2144 Orestisque
354 2060 519 2124 insaniam
546 2061 733 2144 imaginum
758 2060 844 2123 serie
862 2059 1038 2144 expressit,
1063 2080 1148 2143 quae
1165 2080 1219 2122 res
1236 2080 1306 2122 non

132 2175 199 2240 iam
227 2176 276 2239 ita
304 2175 480 2240 dissimilis
509 2183 560 2240 est
589 2176 621 2239 ei
644 2176 779 2255 rationi,
809 2197 875 2260 qua
899 2187 1089 2240 nostrorum
1113 2180 1306 2259 temporum

132 2291 279 2356 artifices
301 2298 418 2377 poetas
443 2291 649 2376 imaginibus
674 2288 886 2375 „illustrare“
912 2292 1032 2356 solent.

240 2407 376 2493 Optime
410 2409 497 2473 hanc
532 2409 720 2494 imaginum
757 2407 880 2472 seriem
918 2407 974 2473 vel
1013 2406 1307 2472 continuationem

133 2523 242 2589 adhuc
275 2546 478 2608 cognoscere
501 2546 680 2608 possumus
716 2547 734 2588 e
770 2524 921 2588 tabulis
945 2524 1031 2588 illis
1058 2523 1184 2602 Iliacis,
1220 2545 1308 2607 quae

132 2640 252 2724 primis
276 2640 519 2725 imperatorum
536 2641 767 2705 Romanorum
791 2639 999 2725 temporibus
1024 2648 1117 2704 ortae
1142 2646 1176 2704 et
1199 2661 1307 2724 usque

132 2757 168 2820 in
202 2764 352 2821 nostram
390 2763 536 2821 aetatem
561 2763 779 2821 conservatae
803 2766 892 2822 sunt.
954 2755 1047 2833 Quae
1071 2756 1154 2820 artis
1181 2757 1308 2820 veteris

133 2880 354 2937 monumenta
392 2873 455 2937 tali
493 2873 592 2937 modo
632 2872 822 2937 subsidium
860 2873 958 2937 nobis
998 2878 1097 2936 erunt
1132 2872 1307 2936 interdum

131 2989 378 3074 gravissimum,
414 2995 453 3052 ut
487 2997 664 3073 poetarum
698 3011 801 3074 opera
834 2989 934 3074 plane
962 2989 1085 3054 amissa
1109 2994 1168 3052 aut
1191 2988 1307 3053 admo·

133 3103 212 3168 dum
236 3113 356 3169 trunca
378 3105 601 3190 mutilataque
626 3127 701 3169 cum
726 3105 838 3189 aliqua
860 3104 1099 3190 probabilitate
1115 3110 1307 3168 restaurare

132 3222 299 3304 possimus
335 3228 498 3305 quantum
534 3221 671 3307 quidem
707 3221 832 3285 attinet
855 3221 897 3284 ad
921 3243 975 3285 res
998 3227 1306 3305 argumentumque

132 3359 261 3402 eorum

240 3452 295 3518 Sic
330 3453 508 3519 notissima
544 3454 603 3517 illa
637 3454 757 3519 tabula
778 3454 888 3520 Iliaca
921 3453 959 3517 in
982 3453 1039 3517 via
1061 3452 1175 3538 Appia
1199 3475 1306 3538 prope

90 3645 93 3654 .
131 3571 282 3636 Bovillas
317 3570 459 3634 inventa
494 3576 527 3633 et
562 3592 652 3634 nuno
687 3570 724 3634 in
758 3592 875 3635 museo
911 3569 1102 3654 Capitolino
1142 3569 1307 3634 collocata

130 3687 299 3751 Iliadem
323 3686 501 3765 Homeri,
525 3685 688 3750 Arctini
703 3685 1005 3772 Aethiopidem,
1029 3683 1198 3749 iliadem
1214 3707 1306 3771 par-

130 3825 216 3867 vam
251 3802 441 3881 Lesohae,
482 3801 709 3866 Stesichori
741 3801 1028 3887 Iliupersidem
1071 3788 1178 3883 [Ἰλιὰς
1219 3792 1304 3862 κοινὰ

124 3907 279 4002 Ὅμηρον,
316 3910 492 3989 Αἰθιοπὶς
526 3909 611 3976 κατὰ
644 3906 813 4000 Ἀρκιῖνον
846 3909 903 3978 τόν
937 3908 1116 4000 Μιλήσιον,
1150 3905 1251 3991 Ἰλιὰς
1285 3906 1305 4002 ἡ

129 4026 230 4117 μικροὶ
266 4027 420 4117 λεγομένη
454 4024 537 4093 καιοὶ
561 4027 694 4117 Λέσχην
726 4033 903 4118 Πυρραῖον,
937 4023 1032 4094 Ἰλιόι·
1068 4026 1187 4116 πόροις
1219 4025 1306 4094 κατα

236 4280 263 4344 2)
284 4279 396 4332 Robert.
415 4279 433 4331 l.
452 4279 469 4331 l.
488 4297 515 4348 p.
535 4280 582 4349 463
602 4297 628 4348 p.
650 4281 744 4333 1-51.
