2872 4912
530 266 749 347 -35-

54 439 170 539 imago
205 457 368 542 optimam
406 459 544 544 praebet
578 461 831 545 compositionis
870 461 1026 546 speciem,
1064 463 1103 526 ut
1141 447 1230 527 clara

55 574 213 658 exempla
236 574 278 638 ab
303 575 431 639 artifice
456 575 623 640 imitando
653 599 809 662 expressa
844 599 916 642 esse
950 577 1139 662 putandum
1174 579 1229 644 sit.

57 689 159 765 Quod
183 690 259 754 aliis
283 691 365 754 locis
389 692 561 756 interdum
585 714 804 778 personarum
829 694 1014 779 positiones
1039 716 1106 759 non
1130 696 1230 779 plane

56 812 250 889 congruunt
274 829 350 870 cum
367 808 525 891 Homero,
551 809 638 872 nihil
661 809 724 873 hoc
748 809 832 873 iacit
855 809 898 874 ad
921 832 1003 894 rem,
1029 811 1058 874 si
1081 811 1229 895 aliquam

57 921 282 986 concedemus
306 923 429 988 artifici
452 925 654 1005 libertatem,
680 931 718 989 ut
741 925 889 1010 spatium
906 927 1117 1011 propositum
1142 949 1231 990 corn-

57 1039 160 1123 pleat,
185 1040 352 1122 quomodo
376 1047 448 1103 arte
473 1039 614 1124 dignum
639 1040 684 1105 sit
708 1063 778 1123 sua,
814 1041 886 1105 sive
909 1043 1096 1106 Homerum
1119 1043 1231 1128 ipsum

58 1162 194 1218 secutus
219 1162 279 1236 est,
310 1155 381 1219 sive
410 1156 620 1240 singulorum
644 1157 805 1222 librorum
830 1167 1039 1242 argumenta,
1065 1179 1165 1244 quam
1189 1159 1231 1222 ad

57 1292 130 1334 rem
171 1270 354 1334 vicesimus
389 1272 547 1357 inprimis
581 1273 668 1338 liber
702 1273 799 1337 testis
828 1273 965 1339 videtur
988 1275 1101 1339 afferri
1124 1294 1230 1360 posse,

58 1387 155 1451 cuius
178 1387 259 1451 libri
283 1384 564 1471 argumentum⁵⁰)
588 1390 637 1452 ita
660 1392 817 1474 congruit
840 1412 916 1454 cum
941 1391 1040 1456 rebus
1056 1392 1092 1455 in
1110 1399 1231 1477 ectypo

58 1505 331 1590 repraesentatis,
356 1512 395 1569 ut
419 1516 620 1590 argumento
645 1507 702 1571 illo
725 1529 806 1571 usus
830 1507 982 1592 singulas
1006 1508 1136 1572 ordinis
1160 1508 1231 1571 eius

58 1619 186 1704 figuras
198 1620 337 1685 lahnius
350 1621 592 1706 interpretatus
610 1623 656 1686 sit
669 1624 779 1687 titulis
793 1623 1039 1688 deficientibus.
1055 1660 1095 1667 —-
1109 1624 1231 1688 Paucis

60 1742 194 1800 tantum
219 1737 313 1820 looiS,
337 1738 395 1801 ubi
418 1739 518 1823 paulo
540 1739 675 1823 longius
698 1741 821 1803 artifex
842 1741 983 1804 Homeri
1001 1763 1019 1803 a
1035 1739 1148 1804 verbis
1175 1740 1231 1804 ab·

59 1854 197 1936 erravit,
221 1853 263 1917 ab
279 1853 355 1918 aliis
380 1876 515 1918 suorum
532 1861 722 1940 temporum
748 1863 782 1919 et
805 1857 997 1942 sculpturae
1022 1864 1056 1919 et
1079 1857 1231 1940 picturae

58 1969 288 2034 monumentis
312 1970 349 2034 in
373 1992 429 2034 eos
453 1993 581 2034 errores
605 1972 787 2055 perductus
812 1978 872 2055 est,
898 1973 993 2056 atqui
1016 1972 1131 2056 agitur
1150 1979 1230 2036 tunc

59 2085 100 2150 de
148 2085 357 2150 secundariis
412 2088 565 2172 personis
611 2088 846 2172 (Cyelopibua
896 2088 1056 2171 Nereide,
1114 2089 1233 2172 auriga

57 2199 240 2274 Hectoris).

168 2319 478 2404 Quomodocunque
513 2342 566 2383 res
590 2343 625 2384 se
649 2320 759 2403 habet,
796 2327 835 2383 ut
859 2320 1081 2384 concedamus
1106 2343 1232 2384 errasse

55 2436 224 2500 artificem
248 2436 285 2500 in
307 2436 408 2500 robus
431 2436 614 2500 levioribus
638 2436 821 2519 interdurn,
857 2459 956 2501 nemo
992 2445 1083 2501 certe
1107 2438 1233 2522 poterit

55 2552 211 2636 infitiari,
247 2575 448 2637 nunquam
480 2552 643 2616 tabulae
667 2553 871 2617 artificem
900 2553 947 2617 de
971 2575 1039 2617 suo
1063 2554 1232 2618 arbitrio

58 2675 126 2733 ant
162 2668 209 2732 ad
245 2668 466 2733 libidinem
501 2669 678 2733 tabulam
724 2677 904 2734 nostram
944 2669 1232 2753 composuisse,

58 2791 213 2848 autres
237 2807 256 2848 a
280 2807 320 2848 se
344 2784 430 2870 ipso
455 2785 600 2849 aliisve
625 2786 824 2850 confictas
849 2785 1131 2870 exsculpsisse.

167 2902 330 2966 Poetam
370 2902 502 2986 igitur
540 2908 579 2965 et
614 2902 775 2966 tabulae
811 2908 1014 2966 auctorem
1050 2902 1158 2965 inter
1193 2924 1232 2965 se

54 3018 127 3081 vix
166 3016 336 3082 differre
376 3019 654 3100 cognovimus,
692 3017 782 3102 quod
823 3020 935 3104 ipsum
971 3018 1232 3081 Bienkowskius

53 3155 168 3221 nuper
190 3133 226 3196 in
251 3134 359 3218 clipeo
383 3132 529 3198 Achillis
553 3134 750 3200 Theodoreo
773 3129 980 3210 ostendit⁶⁰l
1032 3133 1128 3198 Idem
1152 3156 1233 3198 vero

54 3249 152 3316 cadit
175 3248 212 3313 in
236 3250 377 3334 cyclum,
403 3249 491 3334 quod
515 3251 551 3314 in
576 3251 725 3315 carmina
748 3252 899 3314 Homeri.

167 3365 279 3430 Aliter
302 3365 438 3450 quidem
464 3367 620 3451 inprimis
649 3365 815 3431 iudicavit
840 3367 1018 3451 Lysander
1039 3368 1231 3449 KonstaS,

57 3483 119 3568 qui
154 3504 232 3546 cum
256 3483 379 3546 multas
403 3484 544 3548 minoris
572 3484 736 3547 momenti
773 3482 982 3547 differentias
1017 3482 1125 3565 affert,
1160 3493 1233 3548 tum

166 3686 211 3752 59)
224 3691 341 3738 Αἰνείαν
359 3685 389 3738 dl
410 3680 572 3738 ἀντιστάντα
585 3680 702 3754 Ἀχιλλεῖ
718 3679 797 3746 σώζει
815 3684 964 3737 Ποσειιλών
981 3689 1081 3756 νεφέλῃ
1100 3678 1233 3752 καλύψας,

50 3767 188 3846 Ἀχιλλεὺς
207 3774 239 3826 (ll
260 3765 355 3833 ἄλλους
373 3795 400 3828 τε
421 3769 532 3845 ἀναιρεῖ
548 3780 595 3826 καὶ
609 3768 780 3845 Πολύδωρον
793 3766 841 3826 τὸν
855 3769 989 3846 Πριάμου
1007 3775 1106 3826 accido·
1132 3766 1233 3844 Ἕκτωρ

56 3865 89 3918 δὲ
122 3856 250 3922 ἀντιστὰς
282 3858 356 3932 αὐτῷ
384 3859 489 3935 φεύγει,
517 3859 684 3922 Ἀπόλλωνος
715 3858 853 3922 σώσαντος
877 3858 975 3926 (triuio,-
1011 3863 1132 3916 conferas
1157 3863 1232 3932 apud

56 3954 189 4009 Iahnium
213 3971 239 4023 p.
260 3953 373 4007 2‘2n‘23.
406 3987 439 3992 —
471 3953 813 4021 oolssienkowskiusl.1.
834 3971 859 4022 p.
881 3954 944 4005 194:
973 3952 1110 4005 Abbiarno
1133 3952 1234 4005 reduto

57 4045 157 4109 tinore,
176 4043 227 4097 ohe
245 4043 376 4097 l’artcfice
393 4043 438 4096 dcl
456 4050 549 4095 nostro
567 4045 667 4097 rolicvo
686 4043 753 4095 ebbe
772 4060 838 4095 cura
861 4042 889 4095 di
909 4043 1013 4111 scguire
1032 4059 1082 4094 cou
1102 4047 1235 4094 esattazza

57 4133 86 4186 la
113 4133 279 4187 desorizione
305 4133 334 4185 di
354 4134 455 4187 Omcro
482 4133 511 4184 iu
531 4139 602 4186 tutto
620 4134 644 4186 lo
663 4132 855 4201 particolaritir,
883 4133 955 4185 nclla
974 4132 1041 4184 serie
1060 4131 1128 4184 delle
1147 4149 1233 4193 sueno,

42 4223 105 4275 nei
122 4223 228 4287 motin,
246 4223 317 4277 nelle
335 4224 486 4277 situazioni.
524 4223 563 4276 Le
582 4223 754 4291 discrepante
772 4222 822 4276 cho
841 4228 1001 4285 trovammo,
1021 4237 1087 4274 sono
1106 4220 1201 4274 isolatc
1221 4239 1235 4273 e

60 4312 266 4384 insignificanti.

1023 4419 1054 4472 3*
