2872 4912
544 291 764 359 „mm

170 464 256 533 Tota
284 469 367 534 haec
403 470 519 557 ectypi
543 471 656 556 imago
692 470 881 557 porticibus
910 471 945 534 in
975 491 1070 534 suam
1093 469 1236 532 formam

59 584 195 649 inclusa
219 585 346 672 optime
371 593 423 650 est
446 589 642 674 composita,
667 595 705 653 ut
725 588 928 668 existimem,
953 585 1117 650 artificem
1141 606 1236 670 prae-

61 701 154 766 claro
179 701 322 787 quodam
347 703 529 788 exemplari
553 705 663 790 primo
679 726 776 769 usum
793 725 876 767 esse.
924 702 1102 767 Servatum
1127 707 1178 765 est
1196 699 1237 764 ad

60 822 179 882 nostra
201 824 354 903 tempora
378 826 536 905 ectypum
562 819 729 905 quoddam
752 819 889 883 maioris
912 816 1050 899 moduli,
1076 816 1136 880 sed
1158 815 1237 880 huic

61 932 198 998 tabulae
226 934 315 1018 parti
347 935 574 1019 simillimum,
611 937 787 1001 inventum
817 941 868 998 est
896 934 986 997 inter
1013 933 1174 997 Faesulas
1204 937 1239 995 et

61 1049 274 1114 Florentiam
299 1051 431 1136 oppida,
457 1051 586 1117 editum
610 1053 651 1117 ab
674 1051 822 1116 Henrico
838 1043 1122 1135 Heydemann.⁷⁸l
1163 1048 1237 1112 Hae

63 1166 155 1230 solae
190 1173 268 1230 sunt
305 1167 535 1232 differentiae:
572 1169 728 1232 Priamus
763 1167 901 1231 sinistra
934 1187 1038 1230 manu
1066 1164 1237 1228 sinistram

62 1281 280 1367 Neoptolemi
293 1284 467 1369 corripuit,
486 1291 520 1348 et
537 1284 677 1350 Hecuba
700 1283 844 1369 genibus
861 1282 941 1347 nixa
959 1282 993 1345 in
1011 1303 1069 1344 ara
1085 1280 1237 1345 nondnm

64 1398 221 1481 coniugis
246 1399 368 1463 collum
386 1400 539 1484 amplexa
556 1408 617 1464 est.
655 1401 859 1466 Conferatur
876 1398 979 1462 etiam
998 1418 1074 1461 cum
1086 1396 1237 1480 imagine

63 1520 181 1578 nostra
216 1514 364 1599 scyphus
389 1515 526 1600 quidam
556 1517 757 1581 Homericus
786 1537 805 1578 a
834 1514 982 1579 Roberto
1007 1506 1173 1593 editusll),
1200 1511 1237 1574 in

64 1651 130 1715 quo
165 1629 334 1713 Priamus,
371 1632 628 1717 Neoptolemus,
672 1632 827 1715 Agenor,
876 1629 1018 1695 Hecuba
1052 1627 1236 1692 secundum

63 1745 239 1810 Persidem
263 1745 414 1811 Leschae
438 1748 558 1811 caelati
584 1754 672 1812 sunt.
718 1747 926 1828 Ceterorum,
952 1767 1037 1829 quae
1056 1744 1097 1808 de
1116 1744 1178 1807 hac
1201 1765 1237 1806 re

64 1868 221 1946 egerunt,
255 1861 477 1926 artificiorum
507 1863 629 1928 seriem
654 1868 913 1949 composuerunt
941 1860 1170 1926 Overbeohius
1203 1864 1238 1920 et

11 2052 16 2065 Ι
64 1973 388 2063 Heydemannus.⁸⁰)
433 1979 608 2045 Permulta
631 1980 734 2044 etiam
758 1986 893 2043 exstant
916 1977 1118 2058 scriptorum
1142 1974 1237 2038 testi-

63 2088 230 2175 moniam)

173 2326 377 2392 Hecubam
400 2327 563 2392 inferiore
587 2327 623 2390 in
648 2333 745 2412 parte
769 2327 904 2391 tabulae
927 2324 1134 2410 reperiemus
1158 2328 1237 2388 ante

62 2442 256 2527 sepulcrum
292 2443 460 2522 Hectoris,
495 2443 554 2508 ubi
589 2464 783 2527 supremum
816 2441 978 2507 valedicit
1005 2441 1236 2524 Polyxenae

61 2558 183 2622 filiae
207 2559 484 2642 moribundae,
514 2559 711 2644 priusquam
740 2558 781 2622 ab
811 2557 971 2643 Apolline
996 2564 1048 2621 est
1072 2550 1236 2633 ablata.⁸2)

61 2674 207 2742 Ulixes
233 2675 334 2758 enim,
359 2676 418 2760 qui
442 2697 546 2761 prope
571 2675 770 2740 Helenum
795 2681 894 2756 astat,
926 2674 1132 2737 Graecorum
1156 2692 1235 2734 con·
1272 2681 1275 2686 '

61 2791 181 2856 silium
220 2791 261 2855 de
306 2791 511 2856 immolanda
549 2793 725 2877 Polyxena
764 2790 862 2855 modo
901 2788 1038 2854 videtur
1074 2786 1236 2852 Hecubae

59 2907 250 2989 nuntiasse,
275 2907 440 2992 quomodo
457 2907 493 2972 iu
510 2907 686 2992 Euripidis
703 2929 836 2993 quoque
853 2904 993 2970 Hecuba
1011 2910 1053 2982 (v.
1068 2899 1235 2981 216—22)

173 3154 217 3220 78)
236 3153 423 3208 Osservazioni
442 3155 512 3208 sulla
531 3159 618 3207 morte
646 3153 674 3206 di
693 3153 803 3206 Priamo
830 3170 844 3204 c
866 3151 893 3204 di
913 3150 1077 3213 Astianatte,
1105 3147 1235 3201 Mitthoil.

60 3241 89 3295 d.
110 3241 232 3296 deutsoh.
252 3243 325 3297 arch.
345 3244 413 3296 lust.
428 3244 523 3298 Roem.
543 3243 608 3296 Abt.
628 3243 684 3308 III,
705 3243 774 3295 1888
792 3260 818 3311 p.
840 3239 987 3293 101-112.
1007 3271 1040 3278 —
1061 3238 1104 3299 ta)
1124 3236 1236 3300 Robort,

61 3331 244 3386 Homerische
274 3332 384 3397 Becher,
419 3333 437 3385 l.
468 3334 485 3386 l.
517 3351 543 3403 p.
575 3333 688 3384 rr-rt.
724 3363 753 3370 -
789 3331 833 3394 80)
858 3329 1006 3392 Ovorbcck,
1034 3328 1068 3381 G.
1096 3326 1124 3378 h.
1152 3327 1183 3378 B.
1212 3325 1235 3389 I,

60 3439 89 3491 p.
111 3421 246 3493 ora-263
275 3422 313 3474 Η.
336 3421 527 3490 Heydemauu,
556 3422 696 3490 Iliuporsis
725 3421 774 3473 aui
800 3439 823 3472 o.
846 3417 1023 3472 Trinlrsrhale
1051 3416 1097 3470 des
1121 3416 1235 3484 Brygos,

61 3511 135 3564 Borl.
165 3511 241 3577 1866,
269 3529 295 3581 p.
317 3512 358 3575 14,
386 3516 442 3564 not.
469 3513 547 3564 2-3.
577 3542 608 3550 -
638 3511 683 3577 81)
712 3510 807 3578 Eurip.
835 3507 932 3561 Troad.
959 3508 1074 3570 16-173
1103 3505 1235 3584 rer-st.

63 3601 134 3653 Hoc.
156 3599 262 3653 21-24
289 3618 312 3654 c.
331 3600 415 3654 schol.
437 3600 473 3654 ad
501 3619 525 3654 v.
549 3602 594 3665 213
623 3599 782 3670 Apollodor.
812 3599 847 3662 V,
875 3597 907 3649 21
931 3601 959 3649 ct
981 3596 1028 3660 243
1060 3595 1177 3648 Pausau.
1198 3594 1235 3657 X,

63 3690 107 3755 27,
132 3691 160 3754 2;
190 3690 229 3754 ΙΙ,
258 3691 331 3755 21,3;
365 3691 417 3756 IV,
448 3693 488 3754 17,
517 3691 546 3755 43
581 3690 680 3760 Script.
714 3706 764 3742 rer.
788 3687 875 3756 myth.
909 3686 951 3739 cd.
980 3685 1054 3738 Bada
1083 3685 1106 3750 l,
1134 3703 1160 3753 p.
1188 3684 1235 3746 bi,

64 3779 162 3848 Dictys
177 3779 297 3833 Cretens.
319 3781 354 3845 V,
376 3779 422 3844 r2;
443 3779 531 3832 Procli
545 3779 689 3833 chrestonr.
701 3779 741 3841 II,
761 3781 776 3831 5
796 3776 946 3831 secundnm
959 3773 1094 3839 leschon,
1115 3773 1236 3839 Quintus

64 3869 174 3938 Smyrn.
194 3869 280 3935 XIII,
300 3869 436 3934 aro-om
461 3869 547 3922 Dares
572 3868 673 3938 Phryg.
693 3886 716 3922 c.
736 3870 782 3932 41,
807 3865 955 3937 Tryphmd.
981 3866 1111 3918 ‹534-36.
1148 3862 1235 3914 Tacta.

64 3958 205 4012 Posthom.
230 3959 360 4012 raa—33.
390 3990 423 3996 -
453 3958 495 4011 Of.
520 3958 618 4011 deinde
637 3958 675 4010 H.
695 3956 888 4020 Luokenbach,
916 3955 964 4008 das
993 3953 1180 4007 Vcrhaeltniss
1209 3951 1235 4003 (1.

63 4048 163 4118 griech.
185 4048 366 4102 Vasenbilder
389 4065 423 4100 zu
442 4047 469 4100 d.
485 4047 639 4102 Gadiohton
658 4047 684 4102 d.
705 4046 831 4116 epischon
849 4045 964 4114 KykloS,
983 4042 1100 4096 Jahrbb.
1120 4042 1139 4094 f.
1158 4041 1234 4094 class.

63 4138 145 4203 Phil,
165 4137 280 4208 Supplb.
300 4138 353 4204 XI,
372 4155 398 4207 p.
418 4137 553 4202 cao-3&
574 4137 628 4190 Ios.
642 4137 745 4189 Antcn.
760 4135 859 4199 Fuchs,
879 4134 912 4187 dr
930 4134 1060 4187 varietate
1079 4131 1236 4185 fabularum

61 4229 221 4282 ‘lhcicarum
240 4228 420 4297 quaestiones
440 4226 660 4290 Colaniae1830,
680 4244 706 4295 p.
728 4227 791 4290 149;
812 4225 850 4277 Η.
871 4224 977 4293 Hcync,
996 4222 1030 4276 de
1042 4221 1145 4275 Priami
1164 4237 1236 4283 nece,

61 4320 129 4373 Exc.
150 4317 195 4370 XI
215 4317 249 4370 ad
268 4318 350 4387 Verg.
370 4317 440 4370 Aen.
460 4316 499 4369 II.
521 4347 551 4355 -
573 4316 617 4385 82)
637 4315 755 4369 Pansan.
775 4315 812 4378 X,
832 4314 875 4378 21,
894 4313 919 4365 2.

1023 4420 1054 4470 4*
