2872 4912
601 254 816 332 ...lss-

128 446 272 509 iortasse
296 446 364 509 fuit
387 447 576 532 inscriptio,
602 447 806 511 incertarum
832 446 922 510 enim
947 446 1137 510 litterarum
1153 442 1299 527 vestigia

129 561 290 625 videntur
313 563 470 645 cognosci
493 560 637 648 posse*).

236 678 415 741 Vertamus
439 700 501 742 nos
526 678 672 763 denique
697 678 739 742 ad
772 687 975 764 postremam
1013 677 1209 760 imaginem,
1244 675 1300 740 ubi

128 793 285 857 Aeneas
310 817 393 858 cum
419 795 501 858 suis
525 818 663 858 navem
689 794 930 859 conscendit
947 782 1298 876 [ἆπόπλουςΑἰνήοιἸ.

127 910 234 974 Navis
256 910 356 973 remis
373 911 514 994 veloque
532 911 696 976 instructa
714 917 749 974 ct
764 909 931 974 militibus
949 918 1000 973 est
1016 911 1194 995 completa,
1221 930 1300 993 quo·

129 1048 203 1089 rum
228 1026 353 1110 clipeos
376 1027 476 1090 facile
500 1027 709 1111 cognoveris
757 1027 956 1090 Ponticulus
981 1032 1033 1089 est
1057 1025 1242 1111 appositus,
1267 1025 1300 1087 in

129 1164 193 1225 quo
223 1142 350 1225 primus
376 1142 542 1222 Anchises
569 1143 739 1225 barbatus,
775 1143 981 1206 vestimento
1013 1143 1114 1227 plane
1147 1141 1300 1222 amictus

129 1258 239 1342 capite
263 1258 439 1340 nud0,ab
463 1259 579 1323 Aenea
612 1259 648 1322 in
683 1281 804 1323 navem
834 1259 978 1322 infertur
1002 1258 1156 1322 manibus
1182 1265 1301 1321 tenens

129 1373 316 1437 aediculam
340 1375 446 1456 illam3
483 1375 557 1459 ipsa
591 1376 628 1439 in
663 1357 745 1439 navi
771 1375 825 1438 vir
849 1375 985 1459 quidam
1010 1375 1061 1438 illi
1086 1372 1301 1458 suppeditare

128 1489 274 1554 videtur.
310 1490 443 1554 Aeneas
467 1491 627 1555 loricatus
652 1491 763 1576 capite
787 1490 887 1573 nud0,
914 1491 1008 1555 cuius
1033 1490 1173 1574 pallium
1197 1489 1301 1572 longe

128 1612 206 1691 post
234 1612 366 1690 tergum
391 1607 522 1685 volitat,
558 1583 661 1670 manu
697 1606 802 1670 trahit
825 1629 967 1692 puerum
991 1606 1187 1670 Ascanium.
1235 1607 1301 1670 No-

129 1722 288 1786 vissimus
302 1723 449 1807 denique
466 1730 518 1787 est
530 1724 690 1805 Misenus,
718 1724 776 1808 qui
799 1723 940 1808 pallium
964 1724 999 1786 in
1024 1744 1139 1786 umero
1164 1722 1302 1785 sinistro

130 1839 318 1923 suspendit,
347 1839 499 1903 dextram
525 1846 672 1903 maestus
705 1840 809 1924 capiti
839 1840 1011 1924 apposuit,
1049 1838 1188 1902 sinistra
1211 1839 1303 1921 gerit

129 1954 256 2036 tubam,
293 1978 378 2039 quae
413 1978 513 2040 super
549 1978 701 2020 umerum
738 1956 840 2039 longe
879 1958 1058 2041 prominet.
1117 1949 1302 2038 [Μισῆνος-

129 2062 260 2154 Αἱνήας
284 2063 341 2131 σὺν
363 2070 434 2143 τοῖς
451 2064 550 2144 ἰδίοις
566 2061 720 2152 ἀπαίρων
736 2064 783 2144 εἰς
799 2060 1070 2155 τὴνἝσπεριάν].
1103 2070 1303 2134 Fabrettius

129 2186 174 2270 (p.
200 2185 288 2270 375),
326 2188 438 2270 Beger
462 2189 505 2271 (p.
531 2191 598 2270 64),
632 2187 772 2252 Iahnius
807 2188 850 2270 (p.
877 2186 943 2269 37),
979 2188 1120 2250 Platner
1143 2188 1188 2271 (p.
1216 2185 1303 2268 183),

130 2303 290 2366 Welcker
313 2325 429 2367 ornnes
453 2304 488 2366 in
513 2311 635 2388 ectypo
659 2304 776 2368 tubam
800 2326 873 2367 esse
898 2308 1140 2387 cognorerunt,
1167 2303 1304 2367 Monte-

130 2419 295 2484 falconius
329 2426 362 2483 et
387 2420 571 2484 Schornius
595 2443 614 2483 a
637 2421 769 2484 Miseno
793 2441 924 2483 remum
949 2419 1031 2482 ferri
1054 2419 1305 2502 iudicaverunt,

130 2535 320 2618 Fogginius
344 2535 471 2621 pendet
494 2537 610 2617 animi,
646 2544 759 2600 utrum
795 2536 876 2599 tuba
911 2558 954 2598 an
978 2557 1091 2598 remus
1115 2536 1178 2618 sit,
1217 2537 1306 2600 nihil

131 2651 215 2714 dicit
238 2651 403 2733 Millinus,
439 2675 514 2716 cum
551 2659 706 2737 exponat,
743 2674 872 2715 remum
901 2674 919 2714 a
948 2651 1080 2715 Miseno
1115 2652 1150 2714 in
1187 2675 1306 2718 umero

129 2767 212 2851 geri,
249 2767 365 2832 tubam
400 2768 437 2832 in
460 2769 565 2832 latere
590 2769 662 2831 eius
686 2790 881 2851 suspensam
912 2790 994 2848 esse,
1033 2768 1121 2852 quod
1147 2776 1242 2833 certe
1268 2793 1308 2833 ex

130 2890 254 2969 ectypo
278 2906 347 2948 non
371 2879 589 2969 cognovitss).
636 2884 784 2967 Vergilii
808 2883 906 2947 credo
930 2883 966 2946 hi
990 2905 1107 2946 versus
1131 2883 1235 2963 (Aen.
1247 2887 1306 2969 VI,

132 3002 298 3079 232-35)
323 3013 401 3064 ante
425 3001 538 3064 oculos
564 3023 678 3064 eorum
702 2999 936 3064 versabantur:

345 3113 400 3177 „At
418 3113 480 3182 pius
500 3112 606 3165 Aeneas
625 3112 728 3181 ingenti
747 3112 818 3164 mole
837 3111 992 3181 sepulcrum

346 3203 585 3271 imponit'suaque
603 3219 680 3254 arma
698 3202 755 3254 viro
774 3219 933 3270 remumque
952 3200 1101 3268 tubamque

345 3298 437 3344 monte
456 3291 507 3343 sub
527 3291 607 3354 atrio,
627 3291 673 3360 qui
692 3308 765 3343 nunc
784 3290 906 3343 Misenus
926 3289 960 3342 ab
980 3289 1027 3342 illo

343 3380 445 3433 dicitur
463 3386 659 3448 aeternumque
677 3384 750 3432 tcuct
768 3397 817 3448 per
836 3379 944 3432 saecula
962 3383 1087 3432 nomcu.“

237 3482 305 3547 Sed
341 3483 465 3547 Miseni
500 3483 650 3568 pallium,
692 3482 781 3566 quod
822 3482 864 3544 de
902 3481 1041 3545 sinistro
1077 3503 1195 3547 umero
1235 3486 1309 3550 eius

131 3598 301 3683 dependet
335 3599 371 3661 in
408 3607 530 3684 ectypo
566 3600 653 3663 sicut
688 3597 840 3680 equitum
875 3605 1065 3662 nostrorum
1092 3595 1249 3679 „Attila“
1277 3609 1310 3666 et

130 3715 231 3778 tubae
247 3715 355 3778 lineas
371 3716 442 3779 fere
465 3716 631 3801 producit,
656 3713 740 3777 falso
757 3713 857 3777 tubae
874 3736 950 3776 cum
968 3714 1068 3776 lineis
1085 3715 1309 3792 coniunctum

259 3945 282 4006 *l
302 3941 487 3995 Rossbachius
506 3942 711 4011 inscriptionem
730 3960 783 3995 nou
805 3943 960 4011 conspexit3
981 3943 1084 4011 priume
1101 3944 1179 3996 tiaris
1200 3946 1310 4000 alveum

130 4033 207 4085 lincis
226 4032 338 4087 indicari
360 4032 471 4101 paribus
490 4032 638 4084 intervallis
657 4033 727 4086 iuter
745 4050 773 4084 sc
791 4032 966 4085 distantibus.

239 4123 283 4189 73)
302 4121 436 4185 Welcker,
456 4120 519 4173 Alte
538 4122 720 4174 Dcnkmaoler
733 4121 772 4185 ΙΙ,
791 4140 817 4190 p.
834 4123 895 4186 1963
924 4121 1128 4185 hlontelalcon.‚
1148 4123 1313 4194 Antiquitde

130 4211 271 4280 expliqucc
290 4210 342 4274 lv,
361 4228 387 4279 p.
408 4212 472 4274 301;
503 4210 776 4274 Schera-Tischbcin,
796 4211 901 4264 Homer
919 4209 990 4263 nach
1008 4210 1129 4263 Antiken
1150 4215 1313 4281 gezcichnet

130 4301 170 4366 ΙΙ,
194 4320 219 4370 p.
240 4301 292 4366 ‘253
313 4300 439 4370 Foggini,
457 4301 475 4352 l.
494 4301 512 4352 l.
531 4319 557 4370 p.
578 4303 641 4366 3953
661 4301 761 4365 Millin,
780 4301 879 4370 galerio
898 4300 1104 4369 mythologiquc
1122 4301 1163 4366 ΙΙ,
1182 4321 1210 4372 p.
1231 4305 1276 4358 89,
