2872 4912
625 246 843 310 ..73-

252 421 319 488 Sed
360 422 478 487 redeat
519 423 610 488 unde
651 422 827 488 aberravit
860 422 1059 507 disputatio:
1109 422 1223 486 Media
1277 424 1313 487 in

134 546 239 624 porta
265 538 386 603 Troiae
411 539 533 603 iterum
558 539 782 625 conspicimus
806 539 995 621 Aeneam,
1026 539 1084 623 qui
1109 539 1313 604 Anchisen

136 662 273 740 patrem
297 677 413 719 umero
436 661 560 741 portat,
585 677 688 719 manu
712 644 817 719 trehit
840 654 1058 719 Ascanium
1082 654 1191 719 filium
1213 656 1312 719 Mer-

139 771 253 835 curio
278 770 340 835 deo
368 771 459 835 viam
483 778 702 836 monstrante.
760 772 861 835 Hunc
884 770 1021 835 Aeneae
1057 770 1241 836 discessum
1274 779 1314 836 ut

140 908 246 972 snpra
275 886 346 951 dixi
375 909 457 972 opus
486 886 655 972 quoddam
684 887 789 951 fictile
813 887 986 971 Pompeiis
1015 887 1193 952 inventum
1217 911 1312 952 accu-

138 1003 312 1067 ratissime
347 998 585 1088 adaequatum
626 1010 664 1067 ut
704 1011 819 1069 nostro
860 1004 932 1067 iure
972 1002 1118 1067 tabulam
1158 1012 1312 1068 truncam

140 1126 243 1203 atque
268 1141 416 1184 arrosam
440 1120 502 1184 hoo
526 1121 598 1184 loco
622 1118 807 1184 secundum
832 1141 915 1206 opus
943 1119 1028 1183 illud
1057 1119 1161 1184 fictile
1184 1127 1312 1185 restau-

139 1257 214 1299 rare
238 1236 412 1322 possimus.

249 1369 358 1455 Supra
391 1370 576 1435 Ascanium
616 1377 650 1434 et
683 1371 778 1434 iuxta
816 1370 992 1436 Anchisen
1027 1393 1142 1435 senem
1178 1371 1312 1436 tabulae

139 1491 276 1550 nostrae
300 1486 423 1551 mulier
446 1487 662 1573 conspicitur,
700 1509 785 1572 quae
821 1488 975 1551 dextram
1010 1509 1119 1567 genae
1143 1488 1310 1573 apposuit,

139 1602 262 1666 Troiae
297 1602 428 1666 scilicet
464 1603 639 1667 interitum
668 1604 826 1668 miserata
851 1599 1060 1681 Creusam)
1092 1604 1156 1669 vel
1179 1605 1310 1689 Eury-

82 1750 86 1797 l
137 1717 237 1783 dice.
286 1718 343 1782 Sic
366 1718 456 1806 apud
479 1713 723 1798 Naevium¹⁴⁷p

301 1853 476 1918 amborum
500 1853 557 1933 (sc.
581 1852 718 1918 Aeneae
743 1860 776 1918 et
800 1852 985 1935 Anchisae)
1008 1876 1129 1920 uxores

300 1975 404 2034 noctu
427 1970 550 2034 Troiad
575 1969 713 2034 exibant
737 1969 904 2056 capitibus
928 1971 1055 2057 opertis

301 2085 422 2150 flentes
446 2085 563 2150 ambae
587 2086 751 2150 abeuntes
775 2086 923 2151 lacrimis
948 2109 1024 2150 cum
1048 2088 1175 2172 multis,

131 2225 240 2304 atque
277 2214 584 2303 Christodorus,¹4⁸)
620 2219 678 2304 qui
713 2220 801 2284 circa
836 2243 962 2286 annum
998 2221 1310 2305 quingentesimum

129 2335 300 2421 Byzantii
313 2341 442 2400 statuas
453 2336 820 2422 gymnasiiZeuxippei
832 2337 979 2401 carmine
996 2337 1181 2402 celebravit
1195 2339 1309 2424 paullo

128 2457 216 2541 post
240 2451 322 2534 igne
345 2451 541 2538 absumptas
566 2453 712 2516 Creusae
736 2459 883 2516 statuam
907 2453 956 2517 sic
980 2453 1174 2540 descripsit:

246 2573 440 2670 Ἠμασοῖμην
464 2580 499 2645 δὲ
523 2580 691 2668 Κρέουσαν
715 2577 795 2645 ἰδών
818 2578 1008 2671 πενθήμοικ
1031 2581 1145 2669 κόσμηι

246 2693 410 2783 σύγγαμον
432 2694 584 2778 Αἰνείαο,
613 2692 812 2763 κατάσκιον·
838 2693 925 2787 ἀμφὶ
949 2695 1009 2786 γὰρ
1034 2692 1150 2778 αὐταῖς

246 2807 450 2902 ἀμφοτέραις
472 2809 650 2903 κρήδεμνον
674 2809 902 2902 §petitorem
926 2819 1083 2904 παρειαῖς

244 2926 356 2995 πάντα
380 2928 480 3018 πέριξ
502 2925 648 3014 ἐκάλυψε
672 2929 851 3020 ποδηνεκέϊ
870 2925 952 3018 χρόα
976 2929 1109 3018 πέπλῳ,

247 3038 304 3110 οἷά
326 3071 361 3112 τε
383 3045 568 3136 μυρομένη·
593 3042 635 3111 τὰ
659 3045 695 3111 δὲ
717 3042 838 3128 χάλκεα
863 3042 987 3134 δάκρυα
1011 3042 1138 3137 νύμφης

238 3154 336 3250 Ἄρεϊ
356 3160 567 3252 δοερίκτητον
590 3158 801 3245 ἐμαντεύοντο
825 3158 974 3252 τιθήνην,

240 3271 344 3367 Ἴλιον,
368 3272 565 3366 Ἀργείοισιν
588 3277 736 3362 ἐελμένον
761 3271 995 3357 ἆσπιδιώταις.

131 3416 249 3484 Simili
274 3416 393 3482 habitu
428 3418 554 3483 Creusa
589 3419 626 3483 in
659 3418 775 3483 tabula
801 3424 918 3482 nostra
945 3418 1097 3484 Aeneam
1129 3421 1308 3505 coniugem

133 3533 292 3618 sequitur
316 3533 553 3598 maestissima.
602 3535 698 3612 Quod
723 3556 803 3599 vero
832 3535 923 3599 inira
946 3535 1034 3620 apud
1060 3557 1182 3600 navem
1207 3544 1307 3621 atque

133 3650 313 3714 decessum
337 3651 464 3714 Creusa
487 3650 591 3733 deest,
630 3674 648 3714 a
677 3650 869 3714 Stesichoro
897 3650 983 3715 hano
1011 3651 1160 3716 fabulam
1189 3653 1307 3716 eodem

245 3913 306 3976 145)
334 3913 373 3966 H.
397 3931 422 3966 v.
446 3913 561 3966 Rhoden
585 3914 758 3974 Terracottcn
784 3930 837 3967 von
861 3914 992 3984 Pompeii,
1021 3913 1124 3983 stuttg.
1147 3915 1223 3980 1888,
1251 3916 1306 3969 tab.

133 4008 177 4070 3ῖ,
206 4021 233 4073 p.
258 4003 301 4056 48.
343 4003 385 4056 CI.
409 4002 610 4072 Heydernann,
639 4003 817 4072 Archacolog.
837 4004 923 4074 Zeitg.
948 4004 1060 4069 XXIX,
1092 4004 1167 4069 1812,
1196 4023 1221 4074 p.
1244 4006 1305 4070 1⁴20;

132 4093 247 4157 Robert,
266 4091 444 4161 Archacolog.
464 4093 549 4161 Zeitg.
570 4092 727 4157 XXXVII,
758 4094 834 4155 1879,
863 4111 889 4162 p.
914 4094 1027 4148 ’ΞΒ-28.
1053 4126 1085 4132 —
1113 4095 1172 4159 nt)
1200 4095 1306 4162 Heyne,

132 4184 166 4237 de
186 4183 297 4246 Creusa,
317 4199 374 4235 exe.
394 4183 475 4235 XIV.
495 4181 538 4234 ad.
550 4182 712 4251 Verg.Aen.
733 4181 779 4234 Iib.
800 4181 839 4234 II.
860 4214 892 4221 -
915 4185 975 4244 147)
995 4184 1080 4237 Naar.
1100 4183 1160 4237 bell.
1181 4184 1262 4237 Pocn.
1283 4185 1306 4249 I,

132 4275 167 4330 V.
189 4271 243 4342 (ed.
263 4271 392 4330 Vahlen).
413 4305 446 4311 —
473 4274 533 4339 148)
552 4271 666 4326 Anthol.
684 4271 742 4325 Pal.
753 4271 793 4337 ΙΙ,
813 4271 984 4327 Christodori
998 4273 1119 4346 euphrae.
1138 4291 1163 4328 v.
1176 4274 1306 4328 148-54.
