2872 4912
614 241 832 305 -76-

134 410 316 495 Naevii¹⁶⁷)
339 417 569 499 fragmentum
593 416 760 501 quoddam
783 417 865 482 belli
885 417 1025 482 Poenici
1049 417 1160 496 docet,
1185 439 1301 500 „unam

134 555 254 597 navem
292 531 449 596 habuisse
477 531 640 615 Aeneam,
676 556 774 618 quam
805 533 991 598 Mercurius
1026 529 1180 598 fecerit.“
1230 532 1301 596 Alia

134 647 257 712 deinde
285 671 338 712 res
370 648 442 713 loco
477 649 702 714 remotissimo
732 657 785 713 est
819 650 957 714 tradit-a:
990 643 1238 729 Marcellus¹⁵⁸l
1269 649 1301 712 iu

132 763 278 828 secundo
302 787 334 849 p.
360 764 438 830 Chr.
464 787 495 828 n.
520 766 652 830 saeculo
688 765 799 830 medio
832 775 983 830 mortuae
1019 765 1171 830 Herodis
1196 765 1301 830 Attici

132 881 228 945 uxori
250 880 407 964 Regillae
431 902 565 945 carmen
590 880 775 946 dedicavit:

292 1004 312 1098 ἡ
337 1009 372 1074 δὲ
395 1005 626 1075 πολνκῑεαῖνων
648 1008 708 1092 μὲν
730 1007 785 1100 ἔην
809 1010 844 1088 ἐξ
865 1006 1071 1090 Λίνεαδάων,

290 1120 445 1212 Ἀγχίσεω
469 1123 585 1191 κλυτὸν
609 1116 692 1208 αἷμα
716 1125 773 1191 καὶ
794 1121 913 1216 Ἰδαίης
934 1120 1143 1216 Ἀφροδίτης.

132 1267 228 1329 Infra
251 1272 363 1330 autem
388 1273 568 1331 occurrunt
590 1266 627 1330 hi
651 1286 781 1330 versus:

293 1391 395 1482 αὐτὰρ
420 1389 437 1460 ὁ
463 1388 656 1482 ἆσιερόεντα
681 1394 758 1483 περὶ
783 1392 891 1484 σφυρὰ
916 1393 1017 1460 παιδὶ
1041 1393 1166 1460 πέδιλα

291 1512 392 1576 δῶκεν
415 1507 506 1592 ἔχειν,
530 1507 571 1575 τὰ
596 1510 725 1596 λέγουσι
750 1510 806 1577 καὶ
827 1505 998 1599 Ἑρμάωνα
1022 1515 1164 1600 φορῆναι

290 1614 373 1716 ἦμος
396 1620 441 1692 b'r'
468 1624 608 1692 Αἰνείαν
631 1627 781 1710 πολέμου
805 1627 914 1718 ἐξῆγεν
935 1622 1086 1709 Ἀχαιῶν,

290 1739 388 1808 νύκτα
412 1739 468 1807 dcci
493 1739 650 1832 δνοφερήν
675 1769 682 1781 ·
708 1738 725 1808 ὁ
751 1742 788 1809 da'·
811 1742 841 1810 oi
868 1743 946 1831 περὶ
970 1742 1077 1809 ποσσὶ
1101 1739 1240 1834 σαώτηρ

291 1855 500 1948 παμφανόαν
523 1858 662 1925 e'rc'uotro
687 1858 858 1950 σεληναίης
882 1856 999 1938 κύκλος
1023 1856 1149 1949 αἴγλης.

1000 1994 1053 2075 lta)

132 1997 262 2075 Quibus
290 2021 364 2063 cum
394 1998 548 2064 versibus
576 2008 821 2085 componantur
845 2000 992 2084 Vergilii
1077 1999 1161 2064 haec
1187 2001 1308 2066 verba:

612 2133 675 2216 „de
699 2134 791 2198 caelo
814 2135 908 2220 lapsa
931 2156 991 2219 per
1013 2133 1151 2198 umbras

289 2249 387 2313 stella
410 2250 517 2313 facem
542 2248 667 2314 ducens
691 2251 798 2314 multa
822 2272 898 2314 cum
920 2251 995 2314 luce
1020 2247 1203 2314 cucurrit“.

238 2364 327 2441 Quid
343 2363 414 2429 ita?
452 2367 493 2430 [n
508 2364 624 2430 tabula
641 2388 708 2431 non
726 2367 824 2430 modo
841 2367 1029 2430 Mercurius
1046 2367 1111 2429 iste
1128 2358 1307 2450 διάκτορος

129 2481 266 2546 videtur
288 2481 371 2545 mihi
397 2482 591 2565 exsculptus
614 2484 731 2563 fuisse,
756 2483 816 2547 sed
840 2484 968 2546 calceos
985 2482 1057 2546 eius
1083 2482 1192 2547 alatos
1219 2484 1304 2548 side·

129 2619 205 2661 rum
243 2597 345 2661 etiam
384 2597 513 2661 lumine
551 2599 694 2662 fortasse
730 2597 819 2682 apud
860 2598 1090 2663 Stesichorum
1129 2599 1304 2683 praeditos

128 2714 235 2777 fuisse
259 2712 533 2777 existimaverim.

236 2847 278 2910 In
290 2845 404 2911 tabula
416 2846 483 2910 ima
507 2869 645 2911 navem
670 2847 833 2931 videmus,
860 2870 946 2932 quae
964 2847 1168 2932 Hesperiam
1185 2872 1305 2914 versus

128 2963 281 3028 Aeneam
305 2985 382 3027 oum
405 2963 475 3026 suis
498 2963 621 3028 avehat
644 2964 811 3028 militibus
835 2964 1034 3048 completam
1058 2959 1206 3046 nam¹⁶⁰)

323 3079 444 3161 „multi
467 3079 526 3143 alii
550 3102 568 3144 e
592 3080 692 3144 Troia
710 3083 720 3158 ΙΙ
738 3081 868 3144 strenui
891 3081 958 3144 viri
981 3077 1140 3162 venere‚“

130 3195 188 3279 qui
203 3196 286 3279 fuga
302 3195 445 3258 salutem
460 3195 640 3279 petierant.
681 3195 737 3259 Ad
760 3218 882 3261 navem
906 3195 1101 3280 ponticulus
1125 3199 1305 3282 appositus

130 3318 191 3393 est,
227 3333 245 3374 e
280 3333 344 3395 quo
379 3311 590 3394 Anchises,
626 3313 798 3393 Aeneae,
833 3311 1031 3376 Ascanius
1063 3334 1191 3377 navem
1228 3337 1305 3380 con-

129 3427 305 3491 scendunt.
341 3428 502 3511 Sequitur
521 3450 576 3491 eos
591 3429 781 3492 Misenus.
807 3427 974 3492 Anchises
994 3450 1087 3491 sacra
1105 3428 1218 3494 tradit
1231 3432 1305 3496 viro

129 3542 262 3607 cuidam
271 3543 308 3607 in
318 3565 404 3607 nave
415 3545 534 3622 stanti3
548 3545 707 3628 quoniam
719 3556 843 3628 aparte
853 3543 1134 3607 alteraMisenum
1145 3545 1305 3611 videmus

128 3659 264 3724 Aeneae
276 3659 444 3741 comitem,
457 3660 530 3723 fieri
544 3682 611 3723 non
623 3666 744 3744 potest,
756 3663 836 3743 quin
851 3660 940 3723 hunc
957 3659 1141 3722 Achaten
1161 3661 1305 3728 definia-

236 3908 296 3963 151)
324 3904 410 3957 Naar.
432 3903 494 3956 bell.
515 3904 630 3956 Poenl
659 3904 691 3957 fr.
712 3905 754 3958 VI
784 3905 835 3973 tal.
855 3905 974 3972 Vahlen)
994 3929 1028 3935 -
1056 3903 1134 3956 Serv.
1163 3907 1201 3960 ad
1223 3910 1306 3979 Verg.

128 3997 194 4047 Aru.
215 3995 254 4051 ΙΙ,
275 3996 333 4047 Ῐ9ῖ.
364 4025 394 4033 -
432 3995 491 4047 158)
511 3993 616 4047 Kaibcl.
644 3995 727 4063 epigr.
751 4012 790 4063 gr.
819 4013 853 4047 ox
876 3995 958 4064 lapid.
983 3993 1043 4046 roll.
1071 3994 1149 4059 roro,
1174 4014 1201 4049 v.
1223 4002 1306 4061 3-r;

127 4084 241 4138 ezr-21.
265 4115 294 4122 —
319 4085 379 4149 ltu)
399 4084 480 4152 Varg.
503 4083 571 4135 Aen.
594 4083 633 4146 ΙΙ,
653 4084 784 4136 urs-tu.
812 4115 839 4121 —
874 4085 933 4147 luo)
953 4084 1039 4135 Naer.
1067 4082 1131 4135 bell.
1156 4085 1245 4141 Poen.
1274 4090 1306 4142 fr.

127 4173 203 4225 Xlll
226 4191 255 4242 g:
285 4173 359 4225 vill
379 4190 406 4236 c;
431 4173 514 4241 l'arg.
539 4173 605 4225 Aen.
632 4172 670 4235 ΙΙ,
700 4174 851 4237 :rt-:ru
881 4174 996 4242 Dionys.
1016 4172 1107 4224 Halia.
1129 4173 1153 4238 I,
1183 4179 1307 4244 li-l&

126 4263 214 4316 Taetz.
237 4261 332 4315 Posth.
352 4264 410 4316 139.
