2872 4912
546 254 764 322 ..15-

62 435 150 500 iram
176 435 231 500 dei
254 436 290 500 in
316 435 461 501 Graecos
498 435 697 520 deprecatur
719 434 935 500 offenderunt
954 434 1095 500 Iahnius
1121 433 1164 519 (p.
1181 433 1234 507 11)

62 552 296 636 Bruaningius
320 555 364 638 (p.
392 550 469 632 138)
493 552 643 616 Konstas
667 554 710 636 (p.
737 552 800 634 16),
837 550 925 636 quod
955 551 1087 616 tabulae
1111 551 1235 614 artifex

63 667 220 754 Chrysen
244 676 324 733 ante
351 668 515 751 templum
540 668 709 753 Apollinis
745 667 911 753 depinxit,
947 668 1035 732 sicut
1067 667 1169 730 etiam
1198 667 1235 730 in

60 784 171 848 Iliade
194 785 301 849 latina
323 782 370 864 (v.
395 787 450 864 27)

225 901 470 986 „Contemptus
493 901 619 985 repetit
641 900 811 965 Phoebeia
834 902 961 986 templa
984 897 1169 965 sacerdos.“

170 1016 273 1103 Apud
297 1017 482 1081 Homerum
517 1017 607 1080 enirn
643 1016 706 1080 hoo
740 1017 812 1081 loco
837 1015 878 1080 de
902 1017 1029 1100 templo
1053 1038 1130 1081 non
1154 1017 1233 1081 dici.

61 1135 319 1198 Persorutemur
335 1133 443 1217 igitur
459 1133 645 1197 Homerum
661 1133 774 1218 paullo
791 1133 994 1197 accuratius:
1015 1133 1057 1196 In
1075 1155 1174 1198 versu
1191 1136 1234 1199 34

62 1248 217 1314 sacerdos
241 1257 355 1314 mutus
379 1237 520 1332 (ἀκέων),
557 1271 619 1313 nec
646 1271 723 1313 vero
747 1271 897 1334 gemens,
929 1249 1119 1328 lacrimans,
1149 1257 1233 1312 tem-

62 1388 146 1452 pora
168 1366 337 1451 plangens
354 1364 520 1450 quomodo
539 1365 666 1429 latinus
689 1365 765 1448 iste,
791 1387 884 1429 oram
907 1365 994 1449 legit
1017 1365 1232 1448 maritimam,

62 1482 224 1546 nimirum
242 1482 321 1567 quia
335 1481 468 1566 Chrysa
484 1481 648 1566 oppidum
665 1482 813 1565 patrium
837 1480 880 1545 ad
904 1503 994 1545 mare
1019 1481 1122 1545 sitnm
1146 1491 1232 1564 erat;

61 1597 186 1663 deinde
218 1589 373 1678 (ἔπειτα),
407 1606 587 1682 postquam
625 1598 790 1680 discessit,
827 1598 944 1662 multis
968 1596 1124 1682 precibus
1147 1598 1234 1663 adiit

51 1712 271 1800 Apollinem,
315 1736 384 1779 non
421 1714 511 1778 inter
549 1715 657 1794 viam,
702 1736 843 1798 quarum
881 1736 1018 1798 precum
1057 1714 1232 1778 exordium

60 1830 100 1915 (I,
126 1834 168 1896 37
194 1830 281 1917 sqq.)
320 1843 389 1896 tam
426 1831 566 1913 longum
601 1830 841 1915 copiosumque
881 1837 945 1913 est,
986 1837 1024 1893 ut
1062 1831 1232 1915 prooemio

60 1955 94 2011 et
117 1948 225 2012 cultui
249 1947 527 2012 caerimoniarum
562 1946 646 2010 illud
682 1946 886 2032 respondere
915 1946 1116 2028 existimem,
1152 1968 1231 2031 quo-

60 2064 153 2127 niam
177 2064 214 2126 in
238 2063 362 2127 itinere
379 2063 535 2127 sacerdos
550 2064 680 2127 recenti
696 2085 845 2127 maerore
867 2063 1068 2146 gravissime
1085 2062 1231 2127 afflictus

58 2202 176 2264 preces
212 2201 288 2244 suas
323 2179 397 2244 sine
432 2178 534 2244 dubio
570 2178 745 2263 abruptius
781 2185 815 2242 et
839 2179 911 2242 sine
935 2179 1037 2263 longo
1060 2179 1231 2262 prooemio

56 2296 265 2382 protulisset.
314 2295 388 2377 Qua
411 2295 452 2359 de
477 2317 576 2360 causa
599 2294 798 2377 censuerim,
823 2294 988 2359 artificem
1005 2294 1117 2379 lepida
1142 2295 1229 2360 divi-

56 2412 199 2477 natione
235 2412 380 2495 quadam
416 2412 556 2475 Homeri
590 2410 694 2475 verba
730 2410 941 2496 supplevisse
977 2417 1012 2474 et
1040 2411 1229 2475 accuratius

55 2528 229 2593 imitatum
276 2549 365 2606 esse,
413 2549 512 2611 quarn
559 2525 702 2590 iliadem
748 2527 904 2609 latinam,
953 2527 1033 2611 quia
1076 2525 1231 2611 Apollini

57 2643 161 2708 etiam
190 2665 378 2728 cognomen
403 2641 617 2707 Smintheum
654 2642 695 2706 ab
719 2643 869 2708 Homero
897 2642 1062 2707 traditum
1092 2642 1229 2726 indidit,

56 2758 146 2844 quod
170 2759 239 2824 illis
263 2762 299 2824 in
323 2759 520 2842 regionibus
556 2765 628 2822 erat
665 2752 886 2835 usitatnm40).
944 2758 1033 2843 Ipsis
1068 2759 1231 2842 prooemii

32 2874 169 2950 ,verbis
195 2876 297 2940 etiam
323 2875 471 2960 Chryses
506 2875 671 2960 templum
706 2874 846 2960 respicit
870 2896 889 2938 a
913 2897 949 2938 se
977 2874 1052 2960 ipso
1077 2875 1229 2960 Apollini
1308 2956 1310 2960 .

52 2991 249 3056 dedicatum
285 2992 325 3072 (Ι,
349 2991 414 3073 39).
472 2992 590 3076 Neque
624 3013 704 3056 vero
740 2991 781 3054 de
816 2991 1048 3055 immolatione
1083 2991 1228 3074 quadam

52 3106 276 3192 cogitandum
301 3116 362 3190 est,
400 3109 569 3193 quomodo
597 3109 749 3173 Konstas
777 3107 902 3172 voluit:
937 3105 1060 3171 Obstat
1093 3107 1228 3171 habitus

52 3224 239 3309 adorantis,
270 3225 329 3309 qui
353 3225 440 3289 dona
464 3225 617 3310 accipere
640 3246 750 3308 neque
773 3223 934 3308 praebere
958 3223 1043 3287 vult.
1101 3222 1228 3287 incidit

51 3342 207 3406 Konstas
230 3341 268 3406 in
291 3340 351 3405 has
376 3341 496 3405 erroris
520 3341 661 3405 insidias
685 3347 825 3424 propter
848 3339 1056 3404 Feodoream
1080 3339 1227 3404 delinea-

52 3458 185 3522 tionem
208 3457 341 3541 ialsam,
365 3456 424 3521 ubi
448 3457 544 3522 iuxta
567 3457 688 3520 bovem
713 3492 754 3499 -
778 3477 840 3520 nos
864 3455 967 3520 boves
989 3455 1124 3519 iunctos
1149 3477 1227 3519 con-

55 3573 228 3658 speximus
263 3609 304 3616 —
340 3573 553 3638 victimarius
577 3571 715 3657 quidam
741 3571 895 3656 depictus
920 3577 981 3655 est,
1018 3571 1077 3656 qui
1111 3593 1227 3635 umero

54 3689 201 3754 securim
235 3689 333 3772 gerit.
389 3690 492 3754 Falso
527 3689 575 3752 sic
599 3689 750 3753 Konstas
784 3687 907 3772 prioris
941 3687 1101 3771 imaginis
1134 3687 1225 3752 viros

54 3806 226 3891 bovesque
250 3803 292 3869 ad
315 3804 402 3870 hanc
428 3805 469 3870 de
485 3827 551 3890 qua
568 3805 681 3889 agitur
696 3805 882 3887 imaginem
899 3803 1064 3868 adhibuit.
1104 3805 1226 3868 Postea

55 3929 168 3988 autem
207 3921 245 3986 in
282 3921 515 3986 immolatione
551 3944 632 3986 vera
668 3921 770 3986 etiam
810 3918 899 4005 apud
935 3920 1122 3984 Homerum
1169 3943 1225 3984 ara

53 4037 226 4126 Apollinis
251 4044 531 4103 commemoratur
554 4038 593 4120 (I,
618 4038 707 4119 448).

137 4202 157 4207 ...
163 4199 266 4206 -.-—-—-

160 4286 206 4349 40)
226 4285 258 4337 Il.
278 4284 302 4349 I,
321 4285 385 4349 44&
405 4283 504 4338 Strabo
523 4284 609 4348 XIII,
629 4284 693 4348 6043
713 4283 784 4335 Plin.
802 4287 860 4335 nat.
878 4281 942 4334 hist.
963 4282 998 4347 V,
1018 4282 1052 4335 30
1071 4283 1134 4350 (32).
