2872 4912
540 280 760 344 „29-

54 455 165 521 Iliade
204 457 311 522 latina
344 480 443 543 quam
484 480 560 522 cum
604 458 752 522 Homero
789 457 981 522 consentire
1018 456 1151 522 censuit
1186 460 1231 542 (p.

60 574 258 655 innita),
282 573 625 639 animadvertendum
654 580 715 657 est,
749 575 785 638 in
818 573 927 637 Iliade
960 573 1065 638 latina
1100 575 1143 651 (v,
1169 574 1231 638 857

58 688 147 774 sqq.)
171 689 258 754 nihil
280 690 349 754 dici
373 691 415 754 de
436 690 643 775 Cyclopibus
659 690 805 756 Vulcani
829 689 1006 772 ministris,
1031 710 1233 774 quamquam

58 805 107 870 ibi
132 827 264 891 quoque
290 805 481 889 „Aetnaeos
504 806 671 871 Mulciber
695 806 821 871 excitat
844 805 975 889 ignes“.

166 1039 208 1103 In
232 1060 328 1103 zona
352 1038 657 1103 undevicesima
679 1033 738 1122 [T]
759 1037 962 1102 Achillem
985 1036 1151 1120 videmus,
1177 1037 1235 1121 qui

58 1154 174 1218 induit
197 1177 290 1219 arma
306 1177 325 1219 a
342 1154 488 1219 'Photide
512 1155 614 1219 allata
638 1153 750 1235 (XIX,
774 1154 913 1236 3-13);
939 1152 1106 1237 quomodo
1122 1159 1235 1217 autem

61 1270 229 1336 Homerus
262 1271 357 1356 epioe
388 1269 612 1356 amplitudine
642 1292 717 1334 cum
747 1269 871 1353 gaudio
907 1290 967 1333 suo
999 1277 1033 1333 et
1059 1269 1235 1354 voluptate

60 1386 196 1471 singula
239 1409 331 1451 arma
375 1411 393 1451 a
432 1387 585 1452 Vulcano
632 1386 723 1450 facta
761 1385 860 1450 nobis
909 1385 1065 1471 depinxit
1104 1385 1234 1467 (XIIX,
1311 1423 1313 1428 ,

60 1505 261 1586 lua—613),
296 1504 345 1568 sic
368 1503 503 1568 tabulae
528 1524 660 1587 quoque
696 1502 818 1567 artifex
852 1501 950 1566 nobis
986 1501 1117 1586 copiam
1152 1501 1236 1565 fecit

60 1641 153 1684 arma
192 1618 384 1683 admirandi
423 1619 549 1683 divina.
607 1618 721 1683 Primo
760 1619 832 1683 loco
872 1617 1041 1682 Achillem
1079 1617 1235 1681 videmus

60 1757 175 1800 ocreas
209 1735 408 1800 induentem
442 1735 555 1818 (XIX,
581 1734 761 1817 nia-ror
793 1735 898 1798 altera
933 1732 1064 1798 deindo·
1092 1754 1236 1818 persona

60 1852 204 1938 clipeum
241 1852 347 1916 tradit
378 1851 504 1916 Achilli
529 1849 723 1933 (373-80);
759 1850 862 1915 tertia
896 1849 1026 1934 galeam
1063 1849 1235 1912 cristatam

60 1990 164 2032 manu
187 1973 282 2032 tonet
305 1969 494 2049 (380-85),
518 1990 619 2052 quam
643 1989 821 2052 personam
845 1965 1087 2030 Phoenicem
1112 1965 1235 2028 artifex

60 2083 255 2169 appellavit.
317 2084 405 2148 Nam
442 2084 582 2148 alteram
616 2105 793 2169 personam
830 2081 1034 2147 vestimento
1069 2082 1235 2166 promisso

60 2200 218 2265 indutam
246 2206 384 2285 propter
412 2207 542 2264 vestem
572 2221 648 2264 oum
677 2198 826 2264 Roberto
862 2197 1038 2261 mulierem
1067 2198 1235 2282 captivam

61 2339 135 2380 esse
151 2316 343 2401 putaverim
360 2316 591 2399 (Diomeden);
607 2337 717 2399 neque
734 2322 848 2379 tamen
865 2336 940 2378 cnm
958 2314 1092 2378 Konsta
1107 2313 1153 2398 (p.
1172 2313 1236 2396 15),

61 2432 92 2496 si
131 2454 192 2517 pro
226 2432 300 2498 viro
340 2454 413 2496 earn
451 2453 629 2517 personam
667 2430 789 2495 habere
828 2451 966 2494 necesse
1010 2436 1074 2512 est,
1121 2429 1237 2493 mirari

60 2549 260 2634 poterimus,
284 2548 373 2633 quod
401 2547 551 2612 Achilles
580 2569 671 2611 arma
694 2546 840 2610 induens
871 2569 890 2610 a
914 2546 1015 2610 sociis
1045 2545 1234 2622 adiuvatur,

63 2665 226 2750 quoniam
250 2665 324 2750 ipse
347 2665 515 2729 Homerus
540 2663 676 2750 scripsit
699 2663 813 2746 (XIX,
839 2659 933 2745 364):

261 2774 298 2840 ἐν
322 2774 362 2840 δὲ
384 2775 546 2859 μέσοισι
570 2771 746 2863 κορύσσετο
771 2775 842 2852 δῖος
862 2767 1039 2856 Ἀχιλλεύς,

63 2903 246 2984 postquam
257 2903 357 2962 antea
367 2898 518 2962 narravit
529 2897 717 2980 (309-11),
730 2895 880 2978 Atridas,
891 2895 1038 2978 Ulixem,
1050 2895 1238 2976 Nestorem,

62 3013 298 3097 Idomeneum,
312 3012 519 3078 Phoenicem
532 3013 654 3078 ceteris
667 3011 854 3098 repudiatis
865 3011 952 3096 apud
966 3009 1135 3075 Achillem
1146 3031 1238 3074 man-

63 3131 162 3210 sisse,
187 3136 225 3194 ut
248 3152 324 3194 eum
349 3130 498 3194 colerent
522 3136 621 3214 atque
646 3135 811 3193 curarent.

175 3245 336 3310 Extremo
348 3244 448 3310 huius
459 3245 587 3310 ordinis
600 3245 672 3309 loco
689 3266 840 3309 currum
856 3241 1237 3307 ascenditthilles

64 3361 172 3444 (397);
203 3368 281 3426 ante
305 3384 438 3427 currum
462 3368 531 3426 stat
558 3383 702 3446 persona
725 3360 781 3424 vel
805 3358 1055 3444 „robustissimi
1081 3356 1238 3423 habitus“

68 3499 173 3564 equos
202 3499 368 3543 coercens.
420 3479 487 3543 Vix
510 3476 634 3541 Iahnio
667 3480 712 3561 (p.
737 3474 792 3558 22)
824 3475 982 3541 assentiri
1009 3475 1145 3562 poteris,
1181 3476 1240 3560 qui

69 3599 229 3680 „propter
251 3591 425 3658 habitum“
450 3592 662 3658 Thetidem
686 3615 759 3657 eam
783 3591 977 3678 appellavit,
1013 3613 1098 3676 quae
1127 3591 1238 3674 „vale-

70 3709 200 3775 diceret
233 3709 303 3774 filio
338 3711 373 3775 in
408 3731 558 3796 pugnam
592 3708 836 3795 proficiscenti;
870 3709 907 3773 in
931 3706 1037 3772 Iliade
1072 3707 1239 3792 siquidem

70 3827 158 3891 nihil
182 3825 346 3891 eiusmodi
369 3825 591 3909 inveniretur,
616 3831 693 3912 apte
717 3832 831 3890 tamen
855 3830 889 3889 et
912 3824 1024 3910 lepide
1049 3823 1089 3887 ab
1111 3822 1240 3887 artifice

70 3965 131 4029 pro
167 3964 252 4027 equo
286 3942 437 4025 Xantho,
474 3942 532 4027 qui
571 3941 660 4028 apud
694 3942 880 4006 Homerum
916 3939 1059 4004 Achillis
1097 3946 1239 4002 mortem

69 4058 295 4144 praedixisset
310 4057 544 4145 propinquam,
563 4057 743 4122 Thetidem
760 4057 967 4144 suppositam
980 4077 1052 4120 esse
1064 4051 1238 4119 matrem.“

69 4175 182 4242 Probo
217 4197 236 4239 a
269 4174 390 4239 Iahnio
424 4173 618 4257 inventum,
656 4196 726 4239 non
760 4173 989 4259 probabiliter,
1030 4171 1175 4236 eundem
1210 4173 1239 4235 si

69 4293 184 4358 virum
208 4290 256 4355 sic
279 4289 463 4356 audiveris:
494 4290 606 4373 „Ante
634 4312 736 4374 equos
760 4298 869 4354 astare
893 4289 1038 4373 figuram
1060 4287 1240 4352 informem
