2872 4912
614 254 832 322 -99-

137 423 343 517 Thucydide
355 440 491 499 auctore
505 434 643 500 Troiani
656 436 767 522 patria
778 437 916 522 profugi
928 436 1043 502 sedem
1052 459 1090 502 ac
1103 431 1312 502 domicilium

137 569 239 613 suum
248 548 501 635 propeSicancs
512 551 769 637 constituerunt,
778 553 836 637 qui
847 553 1063 619 eamSiciliae
1075 559 1205 638 partem
1216 575 1312 618 occu·

136 671 315 749 paverant,
328 688 413 751 quae
425 673 556 753 spectat
568 667 610 733 ad
621 667 830 734 occidentem
844 670 962 752 solem;
975 670 1166 735 Phocenses
1179 691 1313 756 quoque

138 777 298 848 nonnulli
309 781 410 848 Troia
423 783 533 848 avecti
544 792 578 849 et
590 807 609 850 a
620 807 719 850 cursu
736 807 795 850 suo
811 786 959 870 primum
972 784 1014 849 ad
1030 786 1175 871 Libyam
1189 785 1312 850 deinde

140 895 185 961 ad
192 896 347 963 Siciliam
356 898 461 964 delati
472 900 540 964 illis
551 922 587 965 se
598 901 835 967 adiunxerunt.
852 902 927 966 Hae
936 910 1056 986 gentes
1067 909 1134 968 tres
1145 901 1314 967 communi

138 1014 278 1079 nomine
302 1015 502 1101 Elymorum
520 1025 600 1082 sunt
617 1017 888 1103 comprehensae,
913 1040 1054 1104 quorum
1080 1019 1192 1104 capita
1216 1024 1312 1083 erant

138 1131 236 1216 Eryx
264 1138 298 1196 et
322 1128 515 1218 Egestam)
541 1133 663 1219 quibus
692 1158 710 1199 e
736 1131 1041 1220 „propugnaculis“
1072 1134 1161 1199 bella
1190 1134 1311 1200 ceteris

138 1247 301 1330 gentibus
317 1248 520 1314 inferebant.
562 1250 677 1315 Sicani
693 1258 806 1316 autem
829 1253 919 1316 circa
940 1273 1066 1317 annum
1080 1289 1082 1294 ,
1094 1251 1311 1314 millesimum

139 1385 182 1427 ex
204 1363 305 1429 Italia
328 1365 364 1430 in
389 1366 539 1430 Siciliam
576 1367 773 1432 invaserant
802 1368 919 1446 (Thuc.
949 1367 1007 1450 VI,
1043 1367 1083 1443 2).
1135 1366 1311 1451 Siquidem

138 1478 264 1545 Simois
276 1486 311 1545 et
323 1481 528 1546 Scamander
540 1477 706 1566 fluvii‚²¹4)
728 1485 786 1567 qui
803 1485 966 1566 Egestam
983 1481 1145 1568 oppidum
1161 1489 1311 1567 praeter·

136 1595 251 1661 fluunt
266 1597 433 1681 originem
449 1597 603 1664 indicant
618 1598 809 1683 Troianam,
821 1599 1012 1686 putaverim
1029 1606 1154 1680 tamen,
1172 1605 1310 1682 gentem

135 1711 321 1778 Troianam
360 1713 519 1778 connubii
559 1720 594 1778 et
631 1715 776 1779 militiae
816 1716 1058 1781 communitate
1103 1715 1169 1780 iam
1208 1715 1310 1800 plane

134 1828 352 1916 absumptam
381 1830 489 1894 fuisse
523 1852 542 1894 a
570 1838 672 1915 gente
698 1831 861 1915 Sicanios,
898 1854 973 1896 eum
1010 1831 1132 1896 Graeci
1166 1837 1310 1894 exeunte

135 1946 271 2010 saeculo
306 1953 425 2012 octavo
461 1947 607 2012 colonias
649 1949 686 2012 in
709 1947 863 2012 Siciliam
892 1947 1056 2012 deducere
1085 1947 1308 2032 incipiebant3

135 2061 279 2126 Himera
303 2069 416 2127 autem
440 2063 552 2128 medio
577 2065 711 2128 saeculo
734 2065 880 2151 septimo
909 2086 928 2127 a
951 2064 1131 2127 Messeniis
1157 2071 1208 2127 est
1232 2085 1309 2127 con-

136 2176 221 2243 dita.
262 2177 354 2256 Quae
378 2202 432 2244 res
449 2178 580 2244 affatIm
604 2201 665 2244 nos
690 2179 843 2263 edocent,
867 2180 1066 2264 Elymorum
1084 2187 1118 2243 et
1135 2180 1308 2244 Himerae·

135 2315 234 2357 orum
258 2295 455 2360 inImioitias
480 2295 711 2360 Stesichorum
741 2317 809 2360 non
832 2295 1011 2382 prohibere
1039 2296 1197 2382 potuisse,
1228 2318 1308 2380 quo-

135 2409 250 2474 minus
279 2411 315 2475 in
351 2412 556 2476 carminibus
585 2411 770 2476 celebraret
797 2411 950 2476 Aeneam
978 2411 1087 2476 virum
1114 2413 1306 2496 Troianum,

135 2527 298 2611 quoniam
322 2527 496 2592 Himeraei
519 2529 660 2613 Elymos
684 2527 743 2592 vix
758 2527 940 2592 habuerint
957 2528 1130 2592 Troianos.
1171 2528 1308 2593 Aeneae

135 2642 262 2707 deinde
292 2666 471 2729 personam
506 2667 574 2710 non
610 2644 789 2709 barbarum
825 2645 1032 2709 Graecorum
1068 2644 1201 2709 hostem
1236 2667 1307 2709 esse

134 2759 298 2843 habitam,
324 2760 383 2824 scd
407 2759 503 2827 brevi
527 2761 631 2826 etiam
654 2761 738 2847 ipsis
764 2761 904 2826 Graecis
929 2761 1087 2825 heroibus
1112 2760 1307 2824 adiunctam

135 2897 220 2960 esse,
244 2876 484 2963 Xenophontis
509 2899 561 2942 ars
585 2877 735 2942 venandi
762 2883 908 2942 testatur
932 2877 972 2960 (Ι,
1000 2879 1063 2960 15),
1091 2876 1150 2941 ubi
1173 2875 1306 2940 Aeneas

133 2993 173 3056 in
211 2992 332 3057 mediis
371 2991 529 3058 heroibus
569 3000 786 3059 enumeratus
827 3001 878 3058 est
918 2993 1068 3058 Graecis.
1126 2994 1306 3056 Praeterea

135 3114 345 3194 quantopere
368 3109 518 3175 hostium
534 3111 641 3194 gloria
658 3110 854 3195 augebatur,
880 3132 1021 3194 quorum
1045 3108 1209 3195 oppidum
1229 3115 1306 3195 post

133 3223 252 3289 decem
276 3225 412 3290 demum
441 3249 605 3290 annorum
633 3225 861 3290 obsessionem
891 3225 1080 3311 expugnari
1103 3225 1229 3310 potuit,
1266 3247 1304 3288 eo

132 3341 244 3424 magis
268 3363 398 3428 quoque
416 3343 621 3407 Graecorum
644 3342 811 3407 victorum
836 3342 942 3406 honos
966 3348 1067 3427 atque
1090 3341 1199 3425 gloria
1223 3342 1304 3426 glis·

133 3457 242 3522 cebat.
289 3458 395 3523 Suum
418 3458 526 3541 igitur
549 3458 683 3523 Aeneas
708 3458 744 3522 in
768 3457 883 3522 tabula
906 3458 1018 3522 locum
1041 3464 1144 3522 tenet.

241 3573 338 3639 Tunc
366 3574 551 3659 Scaliger
585 3574 632 3660 (p.
663 3572 719 3655 32)
755 3596 791 3638 se
819 3574 1003 3659 plurimum
1032 3581 1220 3638 ceterorum
1255 3575 1304 3638 vi-

130 3712 247 3755 rorum
261 3692 441 3756 sententiis
455 3691 596 3755 cessisse
610 3689 833 3773 existimavit,
848 3712 925 3754 cum
938 3689 1125 3772 contendit,
1139 3689 1302 3754 artificem

239 3840 302 3906 213)
317 3831 398 3911 Ἔρυξ
415 3870 448 3877 -
468 3840 558 3910 ἔρυμα
579 3869 609 3877 -
630 3833 749 3911 {priapus
777 3845 845 3907 (arx,
865 3840 965 3906 arce0);
990 3827 1303 3909 1’1111111101ε”Εριῃιοκ

130 3932 219 4002 ἔλυμα
234 3928 320 3983 Suida
332 3935 441 3982 auctore
454 3934 495 3981 est
508 3933 658 4000 σκέπασμα
671 3929 880 3997 (tegimentum),
893 3927 922 3981 id
935 3934 975 3981 ast
990 3928 1087 3998 ἔρυμα.
1108 3927 1149 3979 of.
1163 3925 1304 3978 Kuehnor·

129 4019 230 4073 Blassii
248 4018 455 4088 grammaticam
474 4035 560 4087 graec.
580 4018 603 4083 I,
625 4020 647 4083 1,
666 4021 681 4086 ξ
701 4019 734 4070 13
753 4022 780 4070 et
799 4017 845 4082 293
874 4017 928 4071 vid.
957 4018 1056 4088 ἔλυμος
1083 4014 1157 4086 apud
1181 4015 1303 4069 Suidarn.

124 4101 244 4181 ''Eysow
263 4108 306 4162 vel
318 4112 442 4180 Αἴγεστα
462 4113 502 4160 cst
521 4107 650 4161 machina
668 4106 765 4161 bellica
784 4105 900 4178 pellibus
913 4106 1031 4177 caprinis
1050 4110 1122 4158 tecta
1134 4111 1160 4157 ct
1173 4104 1303 4175 adoperta

129 4199 218 4256 Suida
236 4203 353 4255 auctore.
373 4198 488 4266 Dionys.
508 4197 598 4250 Halic.
618 4197 642 4262 Ι,
671 4199 713 4250 53.
745 4227 779 4235 -
811 4196 874 4263 214)
894 4195 983 4251 Strab.
1003 4194 1091 4260 XIII,
1111 4196 1153 4259 53,
1182 4211 1208 4265 p.
1237 4194 1302 4258 6083

127 4288 212 4344 Diod.
233 4289 285 4344 Sic.
305 4288 372 4354 XX,
392 4290 433 4341 tl.

1091 4393 1121 4445 7*
