2872 4912
542 257 738 319 -η-

163 430 190 495 Ι.
214 429 335 496 Iahnia
358 432 470 517 imago
493 432 535 499 A.
560 432 657 517 (A.*).

324 530 378 631 [Ὦ
400 542 477 633 φίλε
500 550 566 610 aaz
592 543 795 637 (decdjeippoa
817 543 909 629 μα’ίίε
933 543 1024 624 τοίξιν
1044 541 1189 637 Ὁμήρου

271 652 359 748 ίίφρα
382 660 473 739 δαεὶς
495 658 607 751 ιιοίσης
629 662 747 750 μέτρον
771 660 844 752 ἔχῃς
867 661 998 752 σοφίας.

144 778 189 843 Π.
215 779 334 846 Iahnia
357 781 470 868 imago
495 779 559 848 0²2

221 887 414 980 Θεοδοίρηος
437 887 472 983 ηε
498 892 599 984 τέχνη.

127 1011 191 1076 ΠΙ.
216 1012 451 1079 Bienkowskii
474 1013 562 1097 (1.1.)
586 1015 719 1081 tabulae
743 1017 792 1082 IV
816 1025 851 1082 et
872 1017 914 1083 V.

216 1116 337 1202 Ἀσττὶς
358 1118 530 1216 Ἀχιλλῆος
556 1122 747 1216 Θεοδαίρηος
770 1124 848 1192 καθ’
870 1122 1024 1218 Ὅμηρον.

132 1244 193 1308 IV.
217 1245 452 1311 Bienkowskii
475 1248 511 1330 (l.
528 1248 550 1312 l.
566 1270 598 1333 p.
617 1249 694 1327 200)
717 1249 832 1314 tabula
848 1250 906 1314 VI.

219 1349 361 1447 [Ἀσπὶς]
382 1351 573 1439 Ἀχίλλειος,
602 1355 793 1449 Θεοδαίρηος
816 1354 836 1449 ἡ
860 1359 987 1450 τ[έχνη.]

163 1595 307 1680 Propter
335 1596 478 1661 alterum
501 1620 637 1663 versum
667 1598 805 1663 distichi
832 1598 945 1683 primi,
984 1586 1084 1682 ὄφρα
1119 1593 1227 1672 δαεὶς

57 1700 189 1794 ποίσης
211 1704 352 1794 μέτρον
374 1703 461 1796 ἔχῃς
485 1707 641 1798 σοφίας,
670 1716 825 1780 nonnulli
848 1716 915 1782 viri
938 1715 1226 1796 existimaverunt,

55 1825 131 1890 fieri
169 1848 237 1891 non
275 1849 383 1912 posse,
423 1835 461 1893 ut
498 1830 623 1895 artifex
660 1838 756 1896 tanta
793 1832 982 1916 petulantia
1015 1830 1056 1895 de
1087 1853 1123 1894 se
1154 1830 1227 1915 ipse

57 1941 231 2026 glorietur,
261 1949 361 2029 atque
390 1966 428 2009 ea
458 1945 499 2010 de
528 1968 626 2010 causa
650 1947 863 2012 Theodorum
886 1969 947 2034 pro
971 1948 1059 2011 claro
1082 1947 1226 2031 quodam

55 2058 131 2122 viro
154 2059 375 2142 grammatico
399 2061 599 2145 habuerunt,
635 2064 689 2128 cui
718 2063 821 2128 etiam
847 2062 951 2128 verba
980 2063 1037 2127 illa
1067 2063 1229 2127 inusitata

57 2175 160 2238 sicuti
193 2165 286 2248 τάξις
321 2197 382 2261 pro
419 2168 577 2253 σύνταξις,
610 2167 755 2263 Ὁμήρου
790 2202 852 2265 pro
886 2171 1005 2240 κίκλον
1037 2168 1227 2264 Ὁμηρικοῦ,

56 2298 159 2376 atque
192 2285 311 2374 μέτρον
344 2285 465 2376 σοφίας
499 2294 585 2358 illud
620 2295 748 2379 optime
783 2301 921 2380 possent
955 2295 1134 2381 impertiri.
1181 2293 1229 2360 At

55 2429 168 2493 neque
202 2410 442 2490 grammaticus
471 2432 580 2494 neque
609 2411 731 2475 artifex
755 2411 952 2477 Theodorus
980 2412 1089 2496 gloria
1121 2411 1169 2476 ibi
1193 2434 1228 2475 se

59 2524 193 2606 extulit,
221 2523 257 2588 id
285 2524 375 2610 quod
404 2524 519 2589 statim
548 2526 703 2609 elucebit,
733 2527 762 2591 si
789 2527 852 2592 hoc
881 2528 1088 2614 epigramma
1112 2534 1228 2592 contu-

56 2641 139 2704 leris
163 2639 310 2706 Pindaro
334 2636 560 2721 tributum²⁶):

328 2756 434 2840 Χαῖρε
459 2752 510 2831 δὶς
534 2746 660 2843 ἡβήσας
684 2754 740 2820 καί
765 2752 936 2844 δὶςτοίφοι
959 2749 1176 2844 ἀντιβολήσας

269 2862 410 2953 ‘Haud
436 2862 633 2957 ἀνθρώποις
654 2870 774 2959 μέτρον
796 2867 877 2953 {prov
899 2868 1029 2960 σοφίης.

56 2996 164 3074 atque
187 2988 277 3054 hunc
293 2990 443 3074 Pigretis
467 2990 574 3073 (Suid.
592 3014 616 3055 s.
633 2991 679 3070 v.)
703 3014 839 3057 versum
854 2993 964 3078 primo
980 2992 1098 3056 Iliadis
1115 2992 1227 3056 versui

55 3105 267 3190 adiunctum,
292 3106 351 3191 qui
375 3106 500 3172 similia
523 3107 689 3173 continet:

272 3220 393 3300 μοῦσα·
419 3214 457 3283 οὐ
482 3215 541 3306 γὰρ
565 3214 677 3309 τιοίσης
700 3215 829 3307 πείρατ’
856 3216 938 3301 ἔχεις
961 3217 1090 3308 σοφίης.

168 3338 257 3416 Quid
273 3339 375 3424 ergo?
411 3340 604 3405 Homerus
620 3347 826 3426 poetaequae
841 3341 961 3426 cyclici
977 3341 1111 3406 tabulae
1128 3364 1228 3406 versu

55 3455 118 3520 illo
153 3453 189 3518 in
224 3456 353 3520 caelum
389 3456 468 3521 elati
503 3462 592 3540 sunt,
632 3479 775 3542 quorum
815 3456 1020 3522 carminibus
1063 3479 1226 3522 summam

57 3570 262 3656 sapientiam
287 3583 386 3657 atque
410 3574 595 3658 perfectam
619 3609 661 3619 -
685 3565 828 3656 πείρατα
852 3565 973 3658 σοφίης
993 3609 1035 3618 -
1059 3574 1228 3638 ooniineri

56 3694 92 3752 et
116 3688 367 3772 comprehendi.

166 3799 390 3883 Froehner²⁷)
426 3804 548 3869 deinde
579 3827 702 3870 novam
734 3804 902 3890 quandam
930 3805 1124 3890 opinionem
1152 3828 1227 3890 pro-

57 3921 140 3986 tulit
168 3920 269 3985 titulo
297 3943 377 3985 risus
405 3921 562 4002 secundo,
595 3912 824 4006 Θεοδιιίρηος
852 3911 891 4006 ἧι
920 3915 1040 4006 τέχνη.
1088 3922 1227 3987 Carolus

166 4194 211 4256 26)
231 4193 329 4263 Bergk,
348 4193 379 4247 Ρ.
393 4194 424 4247 L.
442 4194 476 4249 G.
499 4193 539 4260 14,
558 4213 585 4265 p.
599 4196 659 4248 lio.
691 4227 724 4234 -
755 4195 799 4261 27)
819 4194 873 4249 Rh.
892 4195 965 4248 llus
987 4195 1063 4261 1892,
1091 4195 1229 4250 Kritische

54 4285 184 4341 Studien.
