2872 4912
540 229 758 293 ,55-

64 400 286 485 comparavit,
327 410 465 488 propter
506 403 698 470 fluitantem
734 407 850 489 galeae
888 406 1024 470 cristam
1061 406 1236 486 conclusit,

64 515 259 580 Menelaum
293 524 394 602 caput
428 525 622 605 retorquere
651 528 685 586 et
715 503 757 585 in¹
787 522 921 586 tertiam
962 522 1131 607 quandam
1161 545 1236 607 per-

65 655 183 697 sonam
227 633 409 719 respicere;
460 634 583 701 deinde
623 661 640 700 e
679 637 789 720 lineis,
839 660 920 722 quas
965 639 1038 724 ipse
1082 637 1237 703 concedit

64 749 309 814 incertissimas
350 772 433 833 esse,
470 753 617 837 collegit,
653 755 796 818 fortasse
839 754 1033 819 Venerem
1076 753 1125 819 ibi
1160 761 1237 840 post

65 888 143 929 eum
185 866 291 929 fuisse
339 867 557 953 exsculptam,
606 892 645 933 ea
690 892 726 933 re
770 868 869 934 credo
916 876 1098 955 permotus,
1148 869 1236 954 quod

65 983 169 1046 etiam
193 982 229 1046 in
245 982 413 1047 similibus
430 1005 585 1049 vasorum
599 985 805 1070 imaginibus
818 985 934 1050 Venus
948 985 1082 1071 saepius
1103 985 1237 1071 depicta

65 1104 132 1180 est,
169 1097 228 1163 sed
263 1100 299 1162 in
334 1099 485 1182 imagine
520 1109 635 1166 nostra
669 1099 757 1166 nihil
789 1101 880 1165 aliud
917 1101 1133 1186 conspicitur,
1168 1103 1237 1166 nisi

64 1219 187 1299 ingens
210 1213 356 1279 Menelai
379 1216 665 1300 paludamentum.
712 1219 817 1282 Porro
841 1217 930 1301 quod
954 1218 991 1281 in
1015 1218 1129 1282 tabula
1152 1224 1235 1282 tem-

63 1332 159 1418 plum
187 1331 331 1396 Veneris
368 1353 387 1394 a
422 1331 541 1397 dextra
575 1343 670 1417 parte
707 1340 767 1416 est,
804 1332 867 1396 hac
902 1355 1033 1417 quoque
1068 1334 1236 1398 Venerem

65 1454 336 1534 exspectaremus
372 1448 582 1532 exsculptam
619 1449 735 1532 fuisse,
775 1448 848 1513 sive
888 1473 905 1512 e
940 1449 1066 1534 templo
1102 1471 1237 1533 egressa

63 1563 163 1630 modo
188 1563 354 1628 Helenam
378 1570 493 1628 tuetur
516 1571 549 1628 et
571 1565 764 1630 Menelaum
788 1565 981 1631 venerando
1006 1571 1143 1650 aspectu
1166 1566 1236 1630 solo

36 1680 104 1746 'de
150 1686 273 1745 conatu
316 1679 476 1764 deterret,
525 1681 597 1744 sive
637 1681 744 1766 ipsius
789 1681 985 1746 interventu
1023 1704 1082 1746 suo
1121 1682 1234 1746 Mene-

61 1798 154 1862 laum
189 1795 343 1881 impedit,
378 1797 557 1881 quominus
592 1819 730 1861 uxorem
765 1797 952 1862 obtruncet.
1011 1797 1236 1862 Interventu

61 1914 147 1995 dixi;
188 1936 231 1977 an
269 1919 377 1997 putea,
425 1913 591 1977 Venerem
627 1914 753 1998 templo
796 1914 914 1978 relicto
961 1913 1235 1997 circumrepsisse

60 2031 265 2112 Menelaum,
296 2036 334 2092 ut
362 2052 381 2092 a
411 2036 508 2112 tergo
537 2051 613 2093 eum
647 2029 835 2093 retraheret
863 2028 904 2094 ab
937 2029 1070 2093 Helena
1103 2028 1144 2093 de
1172 2029 1234 2093 im·

58 2146 218 2234 proviso?
275 2145 374 2209 Nunc
410 2167 490 2209 vero
525 2145 561 2208 in
597 2151 685 2209 testa
724 2146 857 2210 catillae
891 2145 1007 2210 fictilis
1043 2143 1187 2230 quadam
1215 2167 1235 2208 a

59 2263 182 2329 Oarolo
207 2261 348 2346 Dilthey
373 2256 520 2344 editam),
551 2283 636 2345 quae
659 2260 750 2325 idem
774 2267 927 2326 nostrum
955 2262 1108 2326 continet
1136 2283 1233 2344 argu·

57 2385 224 2461 mentum,
258 2377 363 2442 Amor
395 2378 503 2441 alatus
546 2377 630 2441 alter
653 2378 801 2442 Menelai
834 2377 876 2441 de
910 2378 1022 2463 palma
1053 2378 1233 2463 dependet,

57 2519 127 2581 qua
155 2495 310 2559 strictum
341 2498 436 2556 tenet
464 2493 630 2575 gladium3
665 2493 750 2556 alter
777 2493 883 2556 Amor
911 2494 1103 2558 Menelaum
1130 2493 1233 2579 pallio

56 2613 100 2678 ab
118 2612 251 2676 Helena
267 2609 437 2674 retrahere
461 2618 610 2690 conatur,
636 2631 720 2694 quae
745 2610 888 2695 supplex
912 2632 1049 2673 manum
1074 2609 1115 2674 ad
1139 2632 1232 2673 men-

55 2738 132 2794 tum
158 2725 313 2810 coniugis
334 2725 482 2812 porrigit
501 2726 676 2811 placatura
700 2748 792 2808 eum;
821 2725 894 2812 ipse
909 2726 1061 2809 graviter
1085 2731 1233 2790 armatus

56 2854 157 2910 torvo
186 2844 285 2908 vultu
312 2842 452 2928 respicit
486 2842 640 2906 Amores
698 2843 739 2906 In
767 2841 843 2906 aliis
872 2861 1004 2926 quoque
1040 2840 1233 2905 huiusmodi

56 2960 289 3026 monumentis
325 2959 468 3024 Amores
506 2959 742 3039 inveniuntur;
786 2963 900 3022 utrum
932 2979 1013 3022 vero
1047 2964 1163 3021 nostra
1196 2957 1232 3020 in

57 3077 174 3142 tabula
204 3075 245 3139 de
274 3075 317 3139 iis
357 3075 500 3159 cogitari
531 3075 640 3160 possit
672 3096 789 3156 necne,
830 3096 891 3159 pro
925 3079 1016 3137 certo
1054 3072 1234 3137 diiudicari

57 3194 179 3277 nequit
202 3198 340 3277 propter
363 3192 497 3256 tabulae
520 3191 695 3255 laesiones.
742 3191 861 3274 Neque
885 3196 999 3253 tamen
1023 3189 1124 3275 plane
1148 3189 1231 3252 illud

58 3311 156 3375 abest
184 3331 203 3372 a
231 3307 342 3394 specie
370 3307 533 3390 veritatis,
569 3329 644 3370 curn
672 3305 757 3369 mihi
791 3327 921 3390 quoque
955 3312 1109 3368 constare
1137 3280 1231 3368 ride·

59 3433 146 3507 atur,
181 3447 199 3488 a
231 3423 412 3487 Menelao
446 3429 563 3506 caput
596 3443 681 3484 esse
712 3427 909 3485 retortum
940 3430 1080 3506 propter
1112 3421 1231 3484 miram

58 3542 176 3626 galeae
200 3548 412 3604 structuram.
460 3538 554 3602 Fieri
570 3537 716 3621 denique
739 3543 862 3623 potest,
881 3543 919 3599 ut
938 3536 1114 3600 Menelaus
1131 3543 1233 3621 caput

59 3656 234 3722 retorserit
268 3656 315 3719 ad
350 3655 517 3737 milites,
548 3654 615 3738 qui
650 3654 842 3717 Helenam
876 3651 1084 3738 lapidibus
1120 3653 1231 3717 volu-

60 3779 174 3839 erant
202 3794 338 3836 necare
371 3771 460 3856 apud
490 3764 776 3852 Stesichorum,⁹²)
813 3768 973 3854 quoniam
1003 3768 1106 3832 etiarn
1142 3767 1231 3853 apud

59 3888 258 3975 Euripidem
284 3889 458 3952 Menelaus
486 3908 623 3950 uxerem
647 3885 700 3950 his
728 3885 841 3951 verbis
870 3883 1006 3966 (Troad.
1039 3887 1122 3948 1033
1148 3884 1231 3968 sqq.)

58 4009 195 4087 affatur,
221 4004 262 4067 de
287 4003 407 4088 quibus
431 4003 521 4067 infra
544 4002 697 4088 pluribus
721 4002 785 4066 erit
810 3999 1058 4066 disserendum:

167 4252 211 4313 91)
225 4250 306 4311 Arch,
318 4250 404 4326 Zeitg.
417 4249 494 4313 1873,
503 4266 530 4327 p.
542 4248 647 4309 ῖῧ-ῐὸ
656 4247 743 4310 ctab.
756 4279 784 4285 -
798 4247 842 4315 0⁶2)
853 4246 936 4308 schol.
946 4245 1041 4324 Eurip.
1053 4245 1141 4307 Orest
1154 4242 1229 4297 1287.
