2872 4912
613 260 830 323 „27-

131 437 290 502 Vulcano
307 436 404 501 sedes
421 436 643 521 officinasque
659 435 929 520 assignaverunt,
954 457 1095 520 quarum
1113 435 1302 500 fabularum

129 553 299 618 Homerus
333 553 406 638 ipse
442 554 535 638 quasi
572 560 688 617 auctor
719 552 796 617 fuit.
850 553 985 617 Etenim
1021 574 1096 616 cum
1129 551 1301 616 Vulcanus

130 669 315 753 aliquando
338 669 460 734 Iunoni
486 669 586 733 matri
609 678 726 734 contra
747 669 871 735 Jovem
896 668 1124 751 succurrisset,
1149 667 1302 754 Iuppiter

131 807 208 849 eum
233 785 276 848 de
300 785 392 850 caelo
416 784 550 868 deiecit,
575 792 614 850 ut
634 783 809 849 occidente
833 784 903 848 sole
919 785 1086 849 Lemnum
1103 784 1139 849 in
1155 784 1301 848 insulam

130 900 331 985 procideret,
371 901 430 965 ubi
460 901 565 966 Sintii
606 923 682 965 eum
710 907 913 986 receperunt
947 907 980 964 et
1013 901 1201 981 coluerunt,
1237 922 1301 985 quo

132 1038 174 1080 ex
212 1029 364 1103 tempore
402 1017 454 1082 illi
493 1017 576 1082 haec
615 1018 726 1082 insula
765 1017 911 1080 maxime
954 1023 1026 1080 erat
1064 1024 1162 1101 grata
1199 1025 1301 1101 atque

131 1139 283 1218 accepta;
308 1133 437 1198 Lemno
462 1142 574 1198 autem
598 1133 635 1198 in
660 1133 779 1210 insula,
804 1155 889 1217 quae
913 1132 1016 1196 etiam
1036 1123 1179 1217 Αἱθάλη
1205 1153 1301 1196 voca·

132 1248 231 1313 batur
255 1270 351 1314 mons
367 1250 563 1335 Mosychlus
586 1249 738 1314 flammas
761 1271 838 1314 suas
863 1242 1089 1327 eructabatw)
1124 1248 1301 1313 Ministros

132 1364 285 1430 Vulcano
298 1365 456 1430 adiunxit
469 1365 663 1449 Aeschylus
676 1365 813 1450 primus,
840 1365 897 1450 qui
914 1365 1061 1430 Vulcani
1076 1365 1301 1449 proprietates

131 1481 235 1546 certis
258 1481 412 1566 personis
436 1481 601 1567 expressit
624 1483 661 1546 in
677 1481 880 1546 Prometheo
897 1481 1023 1563 vincto,
1049 1481 1144 1545 cuius
1167 1481 1300 1546 fabulae

133 1597 169 1661 in
194 1597 333 1662 exordio
350 1589 480 1679 Κράτος
493 1604 527 1662 et
544 1590 610 1657 Βία
634 1597 670 1661 in
687 1619 843 1662 scaenam
859 1597 1028 1682 prodeunt
1044 1619 1120 1662 cum
1137 1596 1299 1661 Vulcano.

131 1713 315 1796 Sophocles
339 1712 461 1778 deinde
486 1714 522 1778 in
537 1713 729 1779 Philocteta
753 1716 797 1792 (v.
823 1716 887 1779 986
912 1722 946 1779 et
970 1713 1046 1791 800)
1070 1714 1185 1797 ignem
1201 1713 1301 1778 Lem·

129 1829 227 1894 nium
253 1829 320 1894 iam
343 1836 459 1915 aperte
479 1818 787 1913 ζΗφαισιόιεοκιον
814 1829 1007 1915 appellavit.
1054 1828 1236 1914 Euripides
1265 1829 1300 1893 in

129 1955 246 2031 satyra
269 1945 384 2010 fabula
408 1946 555 2032 Cyclope
584 1946 748 2032 inscripta
772 1946 924 2012 Siciliam
952 1944 1171 2010 habitandam
1194 1944 1300 2028 assig-

128 2062 229 2127 navit
251 2061 461 2149 Polyphemo
485 2063 687 2148 scripsitque
711 2065 754 2138 (v.
779 2064 858 2144 295;
885 2065 928 2127 20
951 2063 1043 2138 -aalz

642 2178 699 2263 γῆς
723 2170 783 2259 γὰρ
804 2167 966 2251 Ἑλλάδος
988 2168 1109 2256 μυχοῖς

345 2286 447 2368 οἰκεῖς
469 2283 525 2355 tn‘
552 2285 662 2378 Αἴτνῃ
686 2293 727 2378 τῇ
751 2285 963 2376 πορισιιίκιῳ
987 2287 1110 2376 πέτρας

129 2411 221 2495 quod
247 2432 326 2474 vero
350 2411 469 2478 Ulixes
493 2410 608 2475 eadem
635 2410 672 2476 in
695 2411 809 2476 fabula
830 2411 1020 2476 Vulcanum
1044 2409 1096 2474 his
1120 2409 1304 2495 alloquitur

128 2527 245 2592 verbis
269 2527 314 2608 (v.
338 2525 444 2609 594.);

490 2631 656 2725 Ἥφαιστ)
683 2630 765 2716 dvo}
785 2634 937 2719 Αἰτναῖε,

130 2758 317 2844 Euripides
356 2758 487 2824 fabulas
526 2759 617 2823 inter
656 2781 691 2824 se
730 2759 882 2824 diversas
922 2758 1059 2824 videtur
1109 2757 1303 2822 confudisse

129 2883 234 2962 atque
274 2898 347 2940 eam
386 2875 529 2959 attingit
567 2876 726 2960 fabulam,
767 2899 833 2960 qua
867 2877 981 2940 Aetna
1022 2896 1117 2940 mons
1156 2873 1302 2939 Vulcani

129 2993 270 3058 officina
308 2993 450 3056 ferraria
485 3014 557 3055 esse
592 2991 748 3056 traditur.
810 2991 986 3078 Typhonis
1027 2991 1207 3076 praecipue
1250 2991 1301 3073 ig-

130 3110 264 3175 nivomi
288 3115 322 3172 et
345 3107 408 3172 sub
432 3115 547 3173 monte
564 3110 677 3172 Aetna
701 3107 830 3172 conditi
854 3129 997 3192 persona
1020 3106 1200 3170 recentiori
1223 3105 1302 3170 huic

129 3227 268 3292 fabulae
280 3224 371 3290 haud
387 3246 524 3309 parvam
541 3224 715 3308 suggessit
731 3224 872 3308 copiam,
887 3224 928 3287 de
946 3245 1012 3308 quo
1028 3223 1096 3286 iam
1112 3222 1301 3307 Aeschylus

129 3344 257 3424 (Prom.
281 3340 449 3419 364-68)
473 3340 523 3404 sic
547 3340 632 3424 egit:

347 3456 454 3517 κεῖται
478 3455 648 3517 στενωποῦ
670 3448 814 3540 πλησίον
837 3442 1023 3516 θαλασσίου

348 3563 526 3651 ἰπούμενος
549 3565 690 3655 ῥίζαισιν
712 3564 893 3644 Αἰτναίαις
915 3560 997 3633 ὕπο·

350 3687 511 3772 κορυφαῖς
534 3677 561 3748 d‘
588 3682 621 3748 ἐν
644 3676 760 3771 ιῖκραις
782 3677 899 3773 ἥμενος
921 3684 1145 3770 μυδροκτυπεῖ

343 3793 550 3888 Ἥφαιστος·
576 3796 670 3865 ἔνθεα
693 3796 927 3889 ἐκραγήσονιαι
951 3825 980 3864 κ.
1008 3825 1033 3864 ι.
1058 3800 1086 3863 λ.

133 3921 355 4008 Thucydides
379 3921 522 3985 tradidit
546 3921 685 3984 Hieram
721 3921 865 3985 insulam
903 3943 964 4005 pro
988 3921 1133 3985 Vulcani
1167 3919 1304 3983 officina

133 4041 287 4106 habitam
315 4060 388 4102 esse
417 4037 491 4119 (III,
518 4038 572 4116 88)
612 4036 832 4122 Siciliamque
860 4037 958 4101 initio
986 4061 1005 4102 a
1035 4036 1240 4121 Cyclopibus
1269 4046 1303 4100 et

243 4196 288 4262 α)
312 4156 346 4248 n.¹
370 4195 393 4260 1,
417 4195 552 4258 essi-oe
582 4193 633 4248 οι.
664 4184 753 4258 νιια
777 4194 909 4258 asi-se,
936 4194 1071 4258 eoa-ca
1099 4192 1133 4246 ef.
1162 4192 1246 4246 senei.
1275 4193 1303 4245 in

132 4287 263 4371 Apollon.
283 4283 373 4338 Rhod.
393 4284 448 4350 ΙΙΙ,
468 4285 519 4338 loo
539 4283 639 4353 (Bergk
658 4283 681 4337 P
699 4284 723 4336 L
742 4283 769 4338 G
787 4284 827 4349 ΙΙ,
846 4301 872 4364 p.
891 4284 962 4351 ⁶200).
