2872 4912
689 232 907 295 -54-

219 404 482 489 demannumffl).
520 412 550 473 A
563 409 786 492 Neoptolemo
810 409 859 472 sic
872 409 1079 493 Polyxenam
1095 411 1305 475 immolatam
1319 433 1383 475 esse

215 533 334 611 poetae
370 535 404 590 et
432 526 611 610 scriptores
639 525 798 610 permulti
822 521 1092 609 tradiderunt⁸⁸l,
1124 526 1293 611 aquibus
1322 549 1383 592 om·

216 643 316 707 nibus
341 642 510 726 discrepat
533 641 770 723 Philostratus,
796 641 854 726 qui
877 641 1087 726 Polyxenam
1112 649 1191 706 ante
1220 644 1383 708 tumulum

216 758 362 822 Achillis
387 758 495 843 ipsam
519 757 584 822 sibi
608 779 727 821 manus
751 757 908 821 intulisse
932 757 1077 842 scripsit.

322 990 554 1055 Ascendamus
567 1012 683 1054 rursus
696 989 732 1054 in
745 989 907 1074 oppidum
923 987 966 1052 ad
989 990 1181 1072 templum
1204 991 1384 1078 Veneris,

216 1106 275 1171 ubi
312 1107 535 1170 Menelaum
569 1113 603 1170 et
645 1105 837 1170 Helenam
875 1104 1029 1191 depictos
1066 1128 1139 1170 esse
1182 1109 1385 1174 recentiores

217 1222 433 1287 consentiunt
444 1223 656 1304 interpretes
703 1222 732 1286 a·
747 1219 931 1286 Stesichori
948 1228 1101 1305 poemate
1118 1245 1326 1309 quamquam
1348 1226 1385 1290 de

217 1338 278 1402 hac
313 1361 349 1402 re
383 1338 470 1402 nihil
508 1338 690 1402 memoriae
729 1345 864 1401 nostrae
902 1336 1072 1422 proditum
1113 1346 1174 1421 est,
1214 1337 1386 1424 Ibycus⁸⁹l

217 1461 340 1537 tamen,
366 1455 424 1538 qui
447 1454 543 1519 brevi
571 1463 649 1539 post
677 1453 861 1518 Stesichori
890 1459 1043 1540 tempora
1071 1455 1194 1538 floruit,
1225 1459 1386 1542 narravit,

216 1571 383 1634 Helenam
407 1570 449 1634 ad
473 1571 590 1635 fanum
611 1570 754 1633 Veneris
778 1570 972 1654 confugisse
995 1569 1110 1656 ibique
1134 1594 1210 1636 cum
1234 1572 1387 1640 Menelao

216 1687 320 1752 verba
343 1687 474 1764 fecisse,
499 1686 547 1750 ita
571 1695 610 1750 ut
633 1709 674 1750 ex
697 1708 808 1750 amore
832 1685 983 1769 gladium
1009 1687 1226 1753 submitteret
1249 1690 1311 1755 ille
1338 1693 1388 1756 vel

216 1803 393 1889 proiceret,
435 1802 469 1867 id
504 1802 592 1886 quod
629 1802 803 1866 nonnullis
831 1803 866 1865 in
895 1803 985 1866 vasis
1018 1802 1190 1889 depictum
1221 1805 1387 1872 videmus.

216 1919 383 1984 Similiter
422 1942 441 1982 a
484 1918 677 1984 Stesichoro
716 1940 787 1982 rem
822 1917 1026 2005 descriptam
1065 1920 1171 1984 fuisse
1216 1944 1235 1984 e
1276 1921 1388 1988 tabula

216 2041 330 2098 nostra
359 2035 532 2117 concludo,
564 2035 601 2099 in
629 2057 694 2118 qua
723 2057 842 2120 corpus
870 2036 1021 2099 Helenae
1051 2058 1151 2121 supra
1179 2035 1387 2105 denudatum

216 2151 354 2235 fanique
391 2142 488 2234 [icpdc
513 2139 723 2236 Ἀφροδίτης]
751 2151 987 2237 propinquitas
1022 2173 1084 2216 nos
1113 2151 1258 2219 edocent
1284 2157 1387 2221 mani·

216 2269 314 2350 festo,
338 2268 529 2331 Menelaum
551 2274 585 2331 et
609 2267 760 2332 Helenae
783 2266 1039 2354 pulchritudine
1059 2273 1093 2331 et
1116 2268 1182 2333 loci
1206 2273 1386 2337 sanctitate

217 2389 420 2448 commotum
436 2383 528 2447 vitae
545 2384 616 2447 eius
634 2406 706 2448 esse
729 2406 917 2469 parsurum.
964 2383 1045 2467 Alii,
1064 2384 1122 2469 qui
1140 2385 1386 2454 existimavisse

216 2499 386 2582 videntur,
418 2499 477 2563 tali
507 2500 656 2584 imagine
679 2522 748 2564 non
771 2500 853 2564 satis
883 2501 1117 2584 demonstrari,
1146 2501 1263 2567 vivam
1289 2505 1386 2569 Hele·

216 2637 295 2678 nam
327 2637 502 2679 evasuram
535 2638 617 2698 esse,
655 2616 798 2680 certiora
834 2616 905 2680 eius
939 2616 988 2680 rei
1027 2616 1231 2683 documenta
1265 2621 1387 2686 frustra

218 2753 376 2816 quaerere
401 2738 480 2795 sunt
504 2733 630 2796 conati:
655 2728 890 2812 Welcher90)
914 2733 1013 2797 affert
1037 2769 1078 2777 -
1102 2755 1214 2818 neque
1229 2757 1315 2802 vero
1332 2759 1387 2825 pro

217 2853 308 2912 certo
337 2846 483 2912 affirmat
512 2885 553 2892 —
587 2849 779 2913 Menelaum
807 2848 921 2932 gladio
950 2871 1018 2914 non
1051 2850 1113 2932 uti,
1148 2849 1208 2915 sed
1235 2853 1387 2937 gladium

216 2970 292 3049 post
331 2970 465 3047 tergum
505 2965 710 3030 abscondere
750 2964 869 3048 videri,
910 2965 1070 3030 inductus
1105 2965 1271 3033 videlicet
1305 2971 1387 3036 falsa

215 3079 362 3144 Feodori
389 3079 550 3164 imagine,
584 3081 641 3165 qui
670 3079 777 3164 gladii
810 3081 1024 3146 manubrium
1056 3082 1242 3150 delineavit
1271 3087 1386 3152 solum.

216 3195 415 3260 Robertus
440 3202 485 3282 (p.
513 3198 598 3280 108),
623 3197 680 3282 qui
693 3197 809 3282 ipsum
826 3204 986 3284 ectypum
1004 3221 1079 3263 cum
1101 3198 1386 3268 delineationibus

321 3451 366 3518 87)
386 3450 536 3516 Overbeok,
560 3451 594 3506 G.
620 3451 649 3506 h.
672 3453 703 3505 B.
725 3453 740 3506 Ι
765 3471 792 3523 p.
812 3454 947 3518 ddi-683
977 3453 1114 3523 Heydcm.
1137 3455 1155 3507 l.
1183 3453 1202 3508 l.
1226 3473 1255 3526 p.
1286 3459 1387 3514 18-19

215 3556 237 3593 c.
257 3545 314 3593 not.
343 3540 359 3592 6
388 3546 413 3593 ct
440 3541 551 3610 passim.
583 3573 616 3580 —
649 3542 694 3598 88)
722 3542 827 3596 Arctin.
855 3560 906 3596 sec.
930 3543 1019 3596 Procli
1046 3543 1147 3609 chrest;
1180 3543 1312 3615 Sophocl.
1341 3566 1387 3604 sec.

216 3628 332 3698 Longin.
344 3632 385 3694 15,
405 3632 433 3695 73
453 3630 547 3699 Eurip.
567 3631 635 3685 Hec.
647 3633 679 3684 41
700 3650 722 3684 c.
741 3631 829 3697 schol;
848 3632 1074 3699 Troad36-413
1094 3633 1231 3702 tal-an
1251 3636 1387 3710 Lycophr.

216 3719 293 3772 Alex.
314 3714 437 3772 523-‘24
454 3738 477 3773 c.
498 3719 581 3773 schol.
605 3721 706 3783 Tactz.;
727 3720 854 3790 Apollod.
874 3722 910 3787 V,
930 3722 977 3788 ‘233
997 3723 1079 3793 Verg.
1099 3723 1168 3776 Aen.
1188 3725 1246 3791 III,
1267 3728 1388 3782 321-24

217 3826 239 3861 c.
260 3808 355 3862 Servio
384 3808 419 3862 ad
447 3827 471 3862 v.
501 3810 564 3874 3‘2‘23
595 3810 674 3863 Ovid.
698 3812 811 3864 Metam.
831 3811 917 3877 XIII,
945 3814 1080 3878 dtr-sa
1110 3813 1229 3868 Pausan.
1250 3816 1274 3882 I,
1300 3818 1345 3885 22,
1363 3820 1387 3883 63

216 3898 253 3963 X,
273 3899 315 3962 25,
336 3899 381 3963 1ος
406 3899 510 3968 Hygin.
530 3899 585 3952 fab.
608 3901 670 3963 1103
699 3901 797 3969 Dictys
816 3902 852 3966 V,
881 3904 909 3966 33
940 3902 974 3968 Q.
994 3903 1102 3972 Smyrn.
1122 3903 1205 3970 XIV,
1236 3907 1387 3974 180-3133

215 3988 305 4040 Tzetz.
326 3987 420 4045 Postu,
440 3990 507 4053 lom
532 3989 636 4041 Nonnii
655 4007 726 4042 narr.
745 3991 774 4042 in
793 3990 929 4062 mythogr.
948 4010 987 4062 gr.
1007 3993 1048 4046 ed.
1068 3993 1222 4060 western,
1252 3999 1388 4068 appendix

216 4095 287 4130 narr.
308 4077 349 4130 62.
378 4109 411 4115 —
440 4078 598 4131 Philostrat.
623 4079 756 4132 Heroicus
781 4099 807 4149 p.
836 4082 887 4134 323
924 4082 1040 4151 (Kayser
1068 4083 1099 4135 II
1131 4101 1157 4152 p.
1177 4083 1250 4151 205).
1273 4118 1306 4127 -
1337 4090 1387 4148 CI:

217 4167 240 4219 I.
264 4167 298 4220 A.
319 4166 419 4231 FuchS,
457 4167 491 4220 de
522 4169 651 4222 varietate
682 4169 839 4223 fabularum
865 4170 952 4224 Troia.
985 4176 1100 4241 quaestt.
1132 4191 1158 4241 p.
1192 4175 1329 4232 150-51.
1360 4210 1388 4218 -

217 4257 261 4322 811)
280 4256 364 4310 schol.
385 4256 419 4309 ad
437 4258 533 4329 Eurip.
553 4258 684 4313 Androm.
705 4260 765 4314 631.
785 4291 818 4297 —
838 4261 883 4330 90)
903 4261 967 4315 Alte
985 4261 1167 4318 Denkmaeler
1185 4262 1227 4329 II,
1247 4283 1275 4339 p.
1298 4270 1357 4327 193.
