2872 4912
544 232 762 308 ..31-

169 419 284 484 Libri
319 420 505 486 vicesimi
541 420 661 506 primi
697 416 753 505 [Φ]
802 419 914 503 imago
952 419 1063 484 varias
1097 418 1233 484 videtur

59 536 361 620 interpretationes
397 537 587 601 admittere.
634 537 711 620 Ego
747 536 795 600 sic
826 535 949 618 iudice,
985 535 1233 600 Achillema

60 652 309 717 Scamandro
346 653 592 737 impugnatum,
629 651 752 717 deinde
776 651 980 716 Achillem
1005 674 1023 715 a
1046 651 1232 735 Neptuno

61 776 243 850 servatum,
268 774 350 833 tuno
367 767 567 833 Achillem
585 769 731 833 Troum
756 767 903 851 vestigia
925 773 1135 852 prementem
1160 789 1233 831 esse

61 885 286 969 exsculptum.
325 884 552 970 Inscriptione
565 875 777 966 Σκάμανδρος
789 882 917 968 primae
934 883 1077 966 imagini
1101 882 1234 948 adiecta

60 999 201 1064 lahnius
230 1001 276 1086 (p.
302 1002 355 1078 23)
379 1000 504 1085 aliique
528 1001 700 1085 regionem
724 1005 857 1064 tantum
893 998 1036 1063 indicari
1061 999 1232 1063 existima-

60 1122 195 1200 verunt,
220 1116 279 1182 sed
303 1117 417 1181 nescio
442 1138 507 1202 quo
532 1117 614 1181 iure.
653 1115 776 1181 Melius
800 1115 836 1180 in
860 1137 932 1178 rem
957 1113 1119 1199 quadrare
1135 1120 1232 1200 puta-

60 1233 179 1315 verim,
215 1233 245 1297 si
268 1233 520 1315 coniecerimus‚
557 1233 644 1297 sicut
667 1232 751 1296 alios
776 1231 856 1296 deos
881 1229 972 1314 alibi,
1002 1231 1050 1293 ita
1073 1230 1137 1294 hoc
1160 1231 1232 1295 loco

60 1348 212 1413 fluminis
229 1371 355 1414 numen
368 1349 610 1415 Scamandrum
628 1349 729 1412 deum
746 1346 918 1433 depictum
931 1368 1013 1429 esse,
1032 1346 1090 1430 qui
1104 1345 1232 1410 Achilli

59 1487 168 1549 paene
191 1464 355 1550 perniciei
377 1465 445 1530 fuit
468 1464 557 1550 apud
581 1465 767 1529 Homerum
791 1462 986 1543 (248—50):

223 1570 349 1642 οὐδέν’
375 1572 467 1665 ἔληγε
489 1572 591 1661 μεγάς
614 1571 695 1653 θεὸς
718 1561 803 1662 ὦρτο
827 1574 856 1638 d’
881 1572 935 1638 εἰτ’
961 1567 1060 1638 αὐτὸν

222 1686 505 1782 ἀκροκελαινιόων,
529 1694 583 1756 ἵνα
605 1717 663 1774 μιν
684 1686 826 1756 παύσειε
849 1685 970 1756 πόνοιο

223 1809 295 1874 δῖον
315 1802 482 1898 Ἀχιλλῆα,
512 1804 658 1896 Τρώεσσι
683 1806 719 1872 δὲ
742 1802 854 1892 λοιγὸν
877 1800 1026 1871 ἀλάλκοι.

59 1930 124 1994 Cui
149 1931 340 1995 sententiae
364 1952 458 1994 meae
481 1930 536 1994 vel
560 1929 666 1994 maior
689 1928 775 1993 fides
798 1927 946 2010 accedet,
982 1928 1011 1991 si
1047 1927 1231 1991 contuleris

19 2128 21 2132 ι
59 2068 178 2111 versus
203 2047 480 2127 (212-1alh0s:

221 2154 251 2224 εἰ
273 2154 319 2247 μη
341 2154 528 2242 χωσάμενος
551 2155 704 2246 προσέφη
728 2151 883 2238 ποταμὸς
905 2152 1089 2244 βαθυδίνης

275 2267 382 2362 άνέρι
406 2270 622 2357 εἰσάμενος.

57 2394 176 2460 Prima
214 2393 343 2460 ordinis
382 2395 482 2460 huius
520 2393 631 2478 figura
669 2393 820 2458 Achilles
867 2399 938 2457 tota
983 2391 1018 2457 vi
1066 2392 1233 2456 obnititur

58 2510 276 2592 Scamandro
317 2511 375 2595 qui
418 2533 495 2575 eum
534 2510 570 2575 in
607 2509 730 2575 fluctus
766 2532 843 2575 suos
889 2508 1064 2574 detrahere
1102 2508 1233 2573 laborat

59 2626 199 2691 sinistro
238 2626 383 2692 Achillis
422 2625 578 2692 bracchio
618 2632 787 2712 corrept03
835 2631 985 2691 attamen
1031 2624 1086 2689 hic
1130 2646 1232 2688 manu

59 2743 201 2807 sinistra
224 2744 355 2808 hastam
380 2742 480 2826 gerit,
517 2743 613 2807 cuius
638 2742 749 2828 cuspis
774 2741 972 2807 Scamandri
994 2747 1071 2827 post
1098 2747 1233 2824 tergum

57 2858 241 2945 prominet.
299 2853 514 2936 Robertus⁶⁴l
549 2859 679 2944 primus
714 2880 787 2922 rem
820 2864 912 2922 recte
947 2857 1117 2941 cognovit.
1174 2856 1233 2920 Nil

55 2982 112 3039 est
146 2975 290 3059 amplius
326 2997 384 3040 cur
419 2975 626 3040 haesitemus
662 2975 698 3038 in
733 2974 833 3039 huius
869 2972 999 3038 ordinis
1027 2970 1233 3055 imaginibus

55 3091 202 3156 Homeri
225 3091 356 3155 collatis
379 3085 591 3169 versibus⁵⁶t
1049 3085 1051 3089 ’

166 3318 1232 3406 Librivicesimisecundi[Xlordinesomnidubioviden·

54 3447 115 3505 tur
131 3461 249 3504 vacare
265 3438 350 3503 mira
365 3438 608 3524 perspicuitate
624 3433 834 3521 insignes⁵⁶).
870 3436 1101 3519 Brueningius
1118 3442 1232 3500 tamen

55 3555 104 3641 (p.
123 3555 290 3637 142—43)
315 3533 464 3619 tabulam
487 3560 638 3619 nostram
661 3576 728 3619 una
744 3575 820 3618 cum
836 3551 944 3618 Iliade
960 3553 1066 3617 latina
1083 3553 1231 3616 Homero

57 3693 229 3759 opponere
252 3692 367 3736 rursus
392 3676 533 3735 conatur
557 3676 592 3735 et
626 3669 813 3753 contendit,
841 3669 879 3734 in
901 3669 1017 3734 tabula
1040 3667 1231 3732 Hectoris

58 3810 180 3874 corpus
215 3793 269 3852 ter
303 3787 429 3851 circum
464 3787 597 3851 moenia
633 3786 753 3851 Troiae
788 3785 888 3869 trahi,
926 3782 1093 3870 quomodo
1129 3783 1231 3847 etiam

56 3904 176 3970 Iliadis
199 3903 326 3968 latinae
351 3902 386 3967 in
410 3901 564 3967 versibus
582 3903 736 3968 997—99
760 3902 830 3968 fiat.
876 3902 967 3968 Num
991 3901 1064 3985 ipse
1088 3900 1231 3964 fortasse

88 4068 90 4075 '
165 4088 212 4155 54)
230 4085 409 4154 Δωριάς.
422 4085 499 4150 rara,
518 4102 544 4154 p.
557 4085 616 4150 ror,
635 4103 661 4138 n.
675 4088 718 4139 43.
739 4117 771 4125 -
792 4086 836 4149 aa
856 4085 940 4139 Hom.
956 4082 1229 4147 anxiare-aa

55 4176 619 4243 arc-suter-ae;eoa-11.-ta)
648 4175 733 4229 Hom.
758 4175 791 4231 u
818 4174 917 4240 xxii,
946 4173 1063 4237 ενι-οη
1095 4173 1229 4235 rar-au

54 4269 193 4332 sea-ru
213 4267 362 4320 acu-405.
