2872 4912
610 257 829 322 „20-

131 433 292 499 dirimere
326 433 564 520 labentemque
600 435 728 500 socium
763 436 867 519 tueri3
908 436 956 500 ita
990 436 1170 501 brevitatis
1208 458 1308 500 causa

131 549 213 615 duas
248 573 302 615 res
339 554 376 616 in
409 574 511 616 unam
547 551 730 635 imaginem
767 574 840 616 esse
875 558 1049 628 coartatae,
1085 575 1165 617 nam
1188 561 1307 638 postea

131 667 267 732 demum
290 667 538 734 Archelochum
562 668 781 734 interiectum
810 668 863 752 iri,
893 667 953 733 sed
981 690 1000 732 a
1025 669 1235 735 Telamonia
1264 705 1304 713 -

132 784 217 849 Cum
251 785 385 849 Konsta
420 784 568 849 animum
604 784 765 849 inducere
803 805 872 849 non
911 806 1058 870 possum,
1097 792 1136 849 ut
1175 785 1213 849 in
1251 786 1304 850 his

129 899 242 964 lahnii
271 906 305 964 et
328 899 504 965 Michaelis
529 899 811 986 explicationibus
840 902 1062 985 acquiescam,
1099 908 1201 986 atque
1231 901 1303 986 ipse

130 1016 279 1081 Konstas
318 1017 416 1081 aliam
455 1017 748 1103 interpretationis
787 1016 879 1081 viam
918 1017 1051 1102 aperuit
1094 1016 1223 1081 inscius
1263 1017 1303 1081 de

130 1132 328 1217 improviso:
351 1133 571 1218 Nequaquam
596 1133 632 1197 in
656 1139 772 1199 nostra
807 1133 956 1218 imagine
992 1133 1071 1198 solis
1095 1155 1158 1218 ope
1183 1133 1304 1198 effecta

128 1249 238 1335 prima
261 1248 360 1314 huius
389 1248 522 1314 ordinis
558 1249 668 1334 figura
702 1249 739 1314 in
769 1271 807 1313 ea
832 1249 1002 1336 positione
1030 1271 1096 1334 qua
1125 1249 1302 1314 Schulzius

130 1373 164 1430 et
191 1360 408 1446 Robertus42)
443 1366 624 1431 voluerunt
660 1371 914 1450 repraesentata
949 1371 1015 1449 est,
1050 1365 1161 1430 virum
1198 1388 1302 1451 quen-

129 1481 207 1546 dam
243 1481 291 1546 ibi
326 1481 427 1546 video
458 1482 675 1546 incedentem
698 1482 864 1547 bracchiis
888 1481 1157 1568 dependentibus
1188 1481 1301 1564 lassis;

128 1599 237 1663 altera
271 1621 374 1663 manu
409 1598 548 1663 sinistra
582 1595 713 1662 brachii
743 1599 902 1683 promissi
926 1598 984 1662 ille
1007 1598 1113 1662 telum
1137 1598 1301 1663 intuenti-

129 1715 191 1779 bus
207 1713 305 1779 nobis
322 1715 535 1779 decurtatum
553 1714 601 1778 ita
616 1715 716 1800 gerit,
734 1720 772 1779 ut
788 1715 889 1779 facile
905 1736 1098 1798 cognoscas,
1116 1736 1193 1778 eum
1211 1722 1302 1780 certo

129 1853 198 1895 non
212 1853 285 1895 esse
298 1830 494 1916 expeditum
508 1838 542 1895 et
555 1830 597 1895 ad
607 1853 757 1916 pugnam
767 1837 932 1917 paratum.
949 1830 1167 1897 Huncvirum
1173 1829 1302 1896 Arche·

128 1947 263 2013 lochum
274 1969 347 2012 esse
361 1947 539 2031 contendo,
547 1969 647 2032 quem
659 1947 895 2034 inopinantem
909 1954 944 2012 et
957 1947 998 2011 de
1011 1947 1195 2032 improviso
1205 1948 1302 2012 hasta

127 2063 244 2129 Aiacis
267 2064 456 2148 transfiget,
481 2085 546 2148 qua
561 2063 650 2149 petit
661 2061 1104 2148 AiaxPolydamantem.
1151 2063 1300 2128 Tabulae

128 2180 219 2244 enim
242 2180 419 2265 inscriptio
433 2169 624 2262 Ἀρχέλοχος
649 2180 738 2246 inter
764 2180 909 2265 primam
933 2186 967 2244 et
991 2179 1131 2244 alteram
1154 2178 1301 2263 figuram

128 2297 296 2382 provenit,
332 2303 371 2361 ut
405 2318 479 2361 eam
512 2303 628 2361 nostro
664 2297 737 2361 iure
770 2296 812 2360 ad
846 2295 991 2382 primam
1026 2295 1068 2360 de
1097 2318 1162 2380 qua
1186 2297 1301 2378 agitur

129 2412 272 2497 figuram
308 2413 459 2478 conferre
494 2413 591 2478 nobis
625 2413 740 2494 liceat3
779 2412 861 2498 quin
896 2412 999 2478 etiam
1034 2412 1226 2497 interrupta
1251 2420 1302 2477 est

129 2529 306 2615 inscriptio
329 2530 388 2594 illa
412 2529 506 2593 etin
530 2529 612 2594 duas
636 2529 957 2614 lineasdispertita,
993 2551 1036 2593 ne
1059 2529 1159 2614 plane
1184 2529 1301 2594 subter

129 2646 268 2711 alteram
303 2644 448 2730 figuram
481 2645 687 2730 procederet.
746 2645 802 2712 Sic
838 2645 997 2729 quoniam
1036 2644 1160 2709 artifex
1199 2645 1301 2710 initio

129 2762 231 2849 spatii
253 2784 322 2826 non
347 2762 429 2826 satis
463 2762 629 2826 rationem
660 2760 789 2844 habuit,
825 2769 943 2846 postea
977 2761 1194 2826 intervallum
1230 2784 1300 2826 non

129 2877 272 2962 suffecit,
297 2878 626 2962 utPolydamantem
652 2883 786 2942 notaret
809 2878 947 2942 nomine
970 2877 1160 2962 subscripto
1185 2878 1299 2964 longo.

128 2995 410 3080 Polydamantem
446 2993 537 3059 enim
570 2994 645 3059 dico
685 2994 825 3059 alteram
864 2994 1021 3079 figuram,
1062 3015 1162 3078 quam
1202 2994 1301 3060 hasta

127 3116 290 3176 armatam
314 3111 401 3175 saltu
425 3133 461 3175 se
484 3110 526 3175 ab
550 3109 654 3175 Aiace
688 3111 725 3174 in
749 3110 923 3175 sinistram
957 3117 1088 3196 partem
1123 3110 1299 3196 proripere

129 3227 361 3311 cognoscimus
385 3249 403 3291 e
426 3227 595 3313 positione
618 3228 794 3311 ternorum,
827 3227 957 3292 scilicet
991 3233 1029 3290 ut
1060 3226 1167 3291 evitet
1191 3228 1300 3294 telum

128 3343 244 3408 Aiacis
268 3343 494 3427 mortiferum
529 3341 640 3429 lepide
664 3344 713 3408 sic
737 3350 897 3430 eotypum
921 3343 1079 3427 congruit
1103 3364 1179 3407 cum
1203 3343 1300 3410 hisce

128 3460 173 3541 (v.
197 3460 262 3525 459
287 3460 373 3545 sqq.)
397 3459 539 3525 Homeri
561 3460 730 3525 versibus:

256 3585 478 3672 Πουλυδάμας
501 3583 528 3654 d'
555 3584 654 3666 αὐτὸς
676 3587 735 3672 μὲν
758 3582 896 3654 ἀλεύατο
920 3593 1003 3679 κῆρα
1026 3586 1185 3671 μέλαιναν

257 3703 404 3794 λικριφὶς
427 3700 531 3787 ἀΐξας,
555 3701 689 3789 κόμισεν
713 3699 740 3769 d'
764 3698 957 3795 Ἀντήνορος
981 3701 1052 3782 υἱὸς

253 3816 443 3909 Ἀρχέλοχος
468 3873 707 3891 ........
736 3817 793 3887 τόν
816 3815 841 3909 ῥ’
868 3817 990 3906 ἔβαλεν.

127 3961 196 4024 nisi
220 3960 310 4045 quod
334 3959 433 4025 Aiaci
456 3982 580 4024 nomen
603 3961 731 4026 Locrus
754 3962 840 4026 falso
864 3971 915 4026 est
939 3961 1097 4050 inditum.

234 4287 278 4354 42)
297 4285 380 4339 Arch.
399 4285 485 4356 Zeitg.
508 4287 583 4352 1874,
602 4305 628 4356 p.
651 4288 709 4341 107.
