<?xml version="1.0" encoding="UTF-8"?>
<!DOCTYPE html PUBLIC "-//W3C//DTD XHTML 1.0 Transitional//EN"
    "http://www.w3.org/TR/xhtml1/DTD/xhtml1-transitional.dtd">
<html xmlns="http://www.w3.org/1999/xhtml" xml:lang="en" lang="en">
 <head>
  <title>
</title>
<meta http-equiv="Content-Type" content="text/html;charset=utf-8" />
  <meta name='ocr-system' content='tesseract 3.04.00' />
  <meta name='ocr-capabilities' content='ocr_page ocr_carea ocr_par ocr_line ocrx_word'/>
</head>
<body>
  <div class='ocr_page' id='page_1' title='image "./detabulailiacaq00paulgoog_0015.png"; bbox 0 0 2872 4912; ppageno 0'>
   <div class='ocr_carea' id='block_1_1' title="bbox 681 240 874 302">
    <p class='ocr_par' dir='ltr' id='par_1_1' title="bbox 681 240 874 302">
     <span class='ocr_line' id='line_1_1' title="bbox 681 240 874 302; baseline 0.005 -22"><span class='ocrx_word' id='word_1_1' title='bbox 681 240 874 302; x_wconf 58' lang='grc'>,6,</span> 
     </span>
    </p>
   </div>
   <div class='ocr_carea' id='block_1_2' title="bbox 193 414 1370 2011">
    <p class='ocr_par' dir='ltr' id='par_1_2' title="bbox 193 414 1370 2011">
     <span class='ocr_line' id='line_1_2' title="bbox 194 414 1366 502; baseline -0.004 -20"><span class='ocrx_word' id='word_1_2' title='bbox 194 417 336 482; x_wconf 89' lang='lat' dir='ltr'>tissimis</span> <span class='ocrx_word' id='word_1_3' title='bbox 349 418 452 481; x_wconf 90' lang='lat' dir='ltr'>etiam</span> <span class='ocrx_word' id='word_1_4' title='bbox 468 416 504 480; x_wconf 93' lang='lat' dir='ltr'>in</span> <span class='ocrx_word' id='word_1_5' title='bbox 520 417 603 481; x_wconf 91' lang='lat' dir='ltr'>locis</span> <span class='ocrx_word' id='word_1_6' title='bbox 620 417 813 502; x_wconf 76' lang='lat' dir='ltr'>exsculptae</span> <span class='ocrx_word' id='word_1_7' title='bbox 830 421 910 480; x_wconf 90' lang='lat' dir='ltr'>sunt</span> <span class='ocrx_word' id='word_1_8' title='bbox 931 415 1124 498; x_wconf 76' lang='lat' dir='ltr'>diligenter,</span> <span class='ocrx_word' id='word_1_9' title='bbox 1149 414 1366 499; x_wconf 91' lang='lat' dir='ltr'>templorum,</span> 
     </span>
     <span class='ocr_line' id='line_1_3' title="bbox 193 530 1367 619; baseline -0.004 -21"><span class='ocrx_word' id='word_1_10' title='bbox 193 535 393 619; x_wconf 76' lang='lat' dir='ltr'>porticuum,</span> <span class='ocrx_word' id='word_1_11' title='bbox 419 533 592 597; x_wconf 91' lang='lat' dir='ltr'>domorum</span> <span class='ocrx_word' id='word_1_12' title='bbox 606 535 785 615; x_wconf 81' lang='lat' dir='ltr'>fenestrae,</span> <span class='ocrx_word' id='word_1_13' title='bbox 802 538 903 614; x_wconf 89' lang='lat' dir='ltr'>tecta,</span> <span class='ocrx_word' id='word_1_14' title='bbox 927 531 1212 617; x_wconf 83' lang='lat' dir='ltr'>contignationes,</span> <span class='ocrx_word' id='word_1_15' title='bbox 1238 530 1367 594; x_wconf 93' lang='lat' dir='ltr'>colum·</span> 
     </span>
     <span class='ocr_line' id='line_1_4' title="bbox 193 647 1366 734; baseline -0.003 -20"><span class='ocrx_word' id='word_1_16' title='bbox 193 673 256 714; x_wconf 90' lang='lat' dir='ltr'>nae</span> <span class='ocrx_word' id='word_1_17' title='bbox 281 650 435 714; x_wconf 88' lang='lat' dir='ltr'>accurate</span> <span class='ocrx_word' id='word_1_18' title='bbox 459 656 539 713; x_wconf 91' lang='lat' dir='ltr'>sunt</span> <span class='ocrx_word' id='word_1_19' title='bbox 563 650 749 734; x_wconf 78' lang='lat' dir='ltr'>exsculpta3</span> <span class='ocrx_word' id='word_1_20' title='bbox 784 648 987 733; x_wconf 90' lang='lat' dir='ltr'>templorum</span> <span class='ocrx_word' id='word_1_21' title='bbox 1011 648 1048 713; x_wconf 94' lang='lat' dir='ltr'>in</span> <span class='ocrx_word' id='word_1_22' title='bbox 1070 647 1243 732; x_wconf 87' lang='lat' dir='ltr'>tympanis</span> <span class='ocrx_word' id='word_1_23' title='bbox 1268 668 1366 711; x_wconf 91' lang='lat' dir='ltr'>orna·</span> 
     </span>
     <span class='ocr_line' id='line_1_5' title="bbox 194 763 1366 849; baseline -0.003 -19"><span class='ocrx_word' id='word_1_24' title='bbox 194 773 308 830; x_wconf 90' lang='lat' dir='ltr'>menta</span> <span class='ocrx_word' id='word_1_25' title='bbox 346 765 597 849; x_wconf 68' lang='lat' dir='ltr'>significantur}</span> <span class='ocrx_word' id='word_1_26' title='bbox 644 765 782 830; x_wconf 90' lang='lat' dir='ltr'>navium</span> <span class='ocrx_word' id='word_1_27' title='bbox 825 765 910 828; x_wconf 90' lang='lat' dir='ltr'>remi</span> <span class='ocrx_word' id='word_1_28' title='bbox 951 764 1079 847; x_wconf 83' lang='lat' dir='ltr'>singuli</span> <span class='ocrx_word' id='word_1_29' title='bbox 1118 769 1152 841; x_wconf 88' lang='lat' dir='ltr'>et</span> <span class='ocrx_word' id='word_1_30' title='bbox 1190 763 1366 848; x_wconf 87' lang='lat' dir='ltr'>aplustria,</span> 
     </span>
     <span class='ocr_line' id='line_1_6' title="bbox 195 878 1367 967; baseline -0.001 -23"><span class='ocrx_word' id='word_1_31' title='bbox 195 903 355 966; x_wconf 90' lang='lat' dir='ltr'>equorum</span> <span class='ocrx_word' id='word_1_32' title='bbox 379 880 547 966; x_wconf 85' lang='lat' dir='ltr'>boumque</span> <span class='ocrx_word' id='word_1_33' title='bbox 571 881 651 964; x_wconf 90' lang='lat' dir='ltr'>iuga</span> <span class='ocrx_word' id='word_1_34' title='bbox 676 887 849 967; x_wconf 89' lang='lat' dir='ltr'>apparent.</span> <span class='ocrx_word' id='word_1_35' title='bbox 901 880 1092 944; x_wconf 85' lang='lat' dir='ltr'>Nonnullae</span> <span class='ocrx_word' id='word_1_36' title='bbox 1121 878 1268 965; x_wconf 88' lang='lat' dir='ltr'>denique</span> <span class='ocrx_word' id='word_1_37' title='bbox 1292 903 1367 963; x_wconf 90' lang='lat' dir='ltr'>per-</span> 
     </span>
     <span class='ocr_line' id='line_1_7' title="bbox 196 997 1367 1082; baseline -0.002 -20"><span class='ocrx_word' id='word_1_38' title='bbox 196 1020 297 1062; x_wconf 90' lang='lat' dir='ltr'>sonae</span> <span class='ocrx_word' id='word_1_39' title='bbox 321 1020 400 1062; x_wconf 91' lang='lat' dir='ltr'>casu</span> <span class='ocrx_word' id='word_1_40' title='bbox 423 1005 493 1062; x_wconf 89' lang='lat' dir='ltr'>tam</span> <span class='ocrx_word' id='word_1_41' title='bbox 517 997 603 1062; x_wconf 90' lang='lat' dir='ltr'>bene</span> <span class='ocrx_word' id='word_1_42' title='bbox 627 1003 779 1061; x_wconf 90' lang='lat' dir='ltr'>servatae</span> <span class='ocrx_word' id='word_1_43' title='bbox 807 1003 895 1078; x_wconf 91' lang='lat' dir='ltr'>sunt,</span> <span class='ocrx_word' id='word_1_44' title='bbox 928 1004 968 1060; x_wconf 93' lang='lat' dir='ltr'>ut</span> <span class='ocrx_word' id='word_1_45' title='bbox 999 997 1127 1082; x_wconf 92' lang='lat' dir='ltr'>optime</span> <span class='ocrx_word' id='word_1_46' title='bbox 1162 1001 1367 1061; x_wconf 89' lang='lat' dir='ltr'>armaturam</span> 
     </span>
     <span class='ocr_line' id='line_1_8' title="bbox 195 1113 1367 1197; baseline -0.002 -19"><span class='ocrx_word' id='word_1_47' title='bbox 195 1115 422 1178; x_wconf 87' lang='lat' dir='ltr'>internoscere</span> <span class='ocrx_word' id='word_1_48' title='bbox 457 1113 580 1197; x_wconf 91' lang='lat' dir='ltr'>possis:</span> <span class='ocrx_word' id='word_1_49' title='bbox 628 1114 745 1177; x_wconf 87' lang='lat' dir='ltr'>multis</span> <span class='ocrx_word' id='word_1_50' title='bbox 774 1113 857 1178; x_wconf 89' lang='lat' dir='ltr'>locis</span> <span class='ocrx_word' id='word_1_51' title='bbox 881 1113 1056 1177; x_wconf 87' lang='lat' dir='ltr'>thoracum</span> <span class='ocrx_word' id='word_1_52' title='bbox 1080 1113 1184 1176; x_wconf 90' lang='lat' dir='ltr'>etiam</span> <span class='ocrx_word' id='word_1_53' title='bbox 1207 1134 1367 1197; x_wconf 88' lang='lat' dir='ltr'>squamae</span> 
     </span>
     <span class='ocr_line' id='line_1_9' title="bbox 196 1228 1366 1313; baseline -0.003 -19"><span class='ocrx_word' id='word_1_54' title='bbox 196 1230 350 1313; x_wconf 84' lang='lat' dir='ltr'>singulae</span> <span class='ocrx_word' id='word_1_55' title='bbox 373 1229 474 1294; x_wconf 85' lang='lat' dir='ltr'>facile</span> <span class='ocrx_word' id='word_1_56' title='bbox 498 1236 760 1312; x_wconf 89' lang='lat' dir='ltr'>cognoscuntur;</span> <span class='ocrx_word' id='word_1_57' title='bbox 785 1228 953 1313; x_wconf 89' lang='lat' dir='ltr'>adspicias</span> <span class='ocrx_word' id='word_1_58' title='bbox 976 1250 1099 1312; x_wconf 88' lang='lat' dir='ltr'>quaeso</span> <span class='ocrx_word' id='word_1_59' title='bbox 1123 1229 1234 1293; x_wconf 89' lang='lat' dir='ltr'>virum</span> <span class='ocrx_word' id='word_1_60' title='bbox 1258 1229 1366 1310; x_wconf 91' lang='lat' dir='ltr'>illum,</span> 
     </span>
     <span class='ocr_line' id='line_1_10' title="bbox 196 1343 1368 1430; baseline -0.002 -20"><span class='ocrx_word' id='word_1_61' title='bbox 196 1346 254 1430; x_wconf 92' lang='lat' dir='ltr'>qui</span> <span class='ocrx_word' id='word_1_62' title='bbox 278 1345 390 1409; x_wconf 89' lang='lat' dir='ltr'>media</span> <span class='ocrx_word' id='word_1_63' title='bbox 412 1346 449 1409; x_wconf 93' lang='lat' dir='ltr'>in</span> <span class='ocrx_word' id='word_1_64' title='bbox 473 1345 586 1410; x_wconf 92' lang='lat' dir='ltr'>tabula</span> <span class='ocrx_word' id='word_1_65' title='bbox 603 1345 777 1410; x_wconf 88' lang='lat' dir='ltr'>Hecubam</span> <span class='ocrx_word' id='word_1_66' title='bbox 801 1345 937 1410; x_wconf 89' lang='lat' dir='ltr'>revellit</span> <span class='ocrx_word' id='word_1_67' title='bbox 961 1343 1002 1408; x_wconf 93' lang='lat' dir='ltr'>de</span> <span class='ocrx_word' id='word_1_68' title='bbox 1026 1364 1095 1423; x_wconf 75' lang='lat' dir='ltr'>ara3</span> <span class='ocrx_word' id='word_1_69' title='bbox 1120 1345 1157 1410; x_wconf 91' lang='lat' dir='ltr'>in</span> <span class='ocrx_word' id='word_1_70' title='bbox 1181 1367 1219 1409; x_wconf 90' lang='lat' dir='ltr'>ea</span> <span class='ocrx_word' id='word_1_71' title='bbox 1243 1343 1368 1409; x_wconf 89' lang='lat' dir='ltr'>deinde</span> 
     </span>
     <span class='ocr_line' id='line_1_11' title="bbox 196 1460 1368 1546; baseline -0.002 -21"><span class='ocrx_word' id='word_1_72' title='bbox 196 1484 289 1544; x_wconf 88' lang='lat' dir='ltr'>zona,</span> <span class='ocrx_word' id='word_1_73' title='bbox 325 1484 410 1546; x_wconf 88' lang='lat' dir='ltr'>quae</span> <span class='ocrx_word' id='word_1_74' title='bbox 432 1461 551 1526; x_wconf 86' lang='lat' dir='ltr'>lliadis</span> <span class='ocrx_word' id='word_1_75' title='bbox 575 1461 700 1525; x_wconf 91' lang='lat' dir='ltr'>librum</span> <span class='ocrx_word' id='word_1_76' title='bbox 723 1462 848 1526; x_wconf 60' lang='grc' dir='ltr'>ΧΠῙΗΗ1</span> <span class='ocrx_word' id='word_1_77' title='bbox 877 1467 1110 1546; x_wconf 87' lang='lat' dir='ltr'>repraesentat</span> <span class='ocrx_word' id='word_1_78' title='bbox 1133 1460 1273 1525; x_wconf 88' lang='lat' dir='ltr'>Aiacem</span> <span class='ocrx_word' id='word_1_79' title='bbox 1299 1483 1368 1524; x_wconf 87' lang='lat' dir='ltr'>me·</span> 
     </span>
     <span class='ocr_line' id='line_1_12' title="bbox 197 1572 1368 1662; baseline 0 -22"><span class='ocrx_word' id='word_1_80' title='bbox 197 1576 303 1658; x_wconf 82' lang='lat' dir='ltr'>dium3</span> <span class='ocrx_word' id='word_1_81' title='bbox 338 1600 438 1661; x_wconf 90' lang='lat' dir='ltr'>supra</span> <span class='ocrx_word' id='word_1_82' title='bbox 461 1578 552 1642; x_wconf 93' lang='lat' dir='ltr'>hunc</span> <span class='ocrx_word' id='word_1_83' title='bbox 575 1577 693 1642; x_wconf 86' lang='lat' dir='ltr'>Iliadis</span> <span class='ocrx_word' id='word_1_84' title='bbox 717 1577 796 1642; x_wconf 91' lang='lat' dir='ltr'>libri</span> <span class='ocrx_word' id='word_1_85' title='bbox 830 1572 917 1643; x_wconf 66' lang='lat' dir='ltr'>XVi-</span> <span class='ocrx_word' id='word_1_86' title='bbox 946 1578 1143 1657; x_wconf 67' lang='lat' dir='ltr'>Hectorem,</span> <span class='ocrx_word' id='word_1_87' title='bbox 1188 1577 1368 1662; x_wconf 89' lang='lat' dir='ltr'>palliorum</span> 
     </span>
     <span class='ocr_line' id='line_1_13' title="bbox 198 1693 1370 1778; baseline -0.001 -21"><span class='ocrx_word' id='word_1_88' title='bbox 198 1693 321 1757; x_wconf 89' lang='lat' dir='ltr'>deinde</span> <span class='ocrx_word' id='word_1_89' title='bbox 344 1693 552 1758; x_wconf 87' lang='lat' dir='ltr'>fluitantium</span> <span class='ocrx_word' id='word_1_90' title='bbox 577 1694 679 1776; x_wconf 89' lang='lat' dir='ltr'>sinus,</span> <span class='ocrx_word' id='word_1_91' title='bbox 705 1693 877 1758; x_wconf 87' lang='lat' dir='ltr'>hastarum</span> <span class='ocrx_word' id='word_1_92' title='bbox 902 1693 1059 1778; x_wconf 86' lang='lat' dir='ltr'>cuspides</span> <span class='ocrx_word' id='word_1_93' title='bbox 1083 1701 1163 1757; x_wconf 89' lang='lat' dir='ltr'>sunt</span> <span class='ocrx_word' id='word_1_94' title='bbox 1187 1694 1370 1758; x_wconf 80' lang='lat' dir='ltr'>manifesta</span> 
     </span>
     <span class='ocr_line' id='line_1_14' title="bbox 198 1808 1370 1895; baseline 0 -22"><span class='ocrx_word' id='word_1_95' title='bbox 198 1809 286 1894; x_wconf 89' lang='lat' dir='ltr'>apud</span> <span class='ocrx_word' id='word_1_96' title='bbox 310 1808 459 1893; x_wconf 86' lang='lat' dir='ltr'>Aiacem,</span> <span class='ocrx_word' id='word_1_97' title='bbox 485 1832 585 1894; x_wconf 89' lang='lat' dir='ltr'>quem</span> <span class='ocrx_word' id='word_1_98' title='bbox 609 1809 708 1875; x_wconf 91' lang='lat' dir='ltr'>modo</span> <span class='ocrx_word' id='word_1_99' title='bbox 732 1809 813 1892; x_wconf 85' lang='lat' dir='ltr'>dixi,</span> <span class='ocrx_word' id='word_1_100' title='bbox 849 1818 883 1873; x_wconf 92' lang='lat' dir='ltr'>et</span> <span class='ocrx_word' id='word_1_101' title='bbox 918 1809 1006 1895; x_wconf 89' lang='lat' dir='ltr'>apud</span> <span class='ocrx_word' id='word_1_102' title='bbox 1042 1831 1116 1873; x_wconf 91' lang='lat' dir='ltr'>eum</span> <span class='ocrx_word' id='word_1_103' title='bbox 1146 1809 1269 1888; x_wconf 87' lang='lat' dir='ltr'>virum,</span> <span class='ocrx_word' id='word_1_104' title='bbox 1310 1809 1370 1894; x_wconf 89' lang='lat' dir='ltr'>qui</span> 
     </span>
     <span class='ocr_line' id='line_1_15' title="bbox 198 1923 1368 2011; baseline -0.002 -21"><span class='ocrx_word' id='word_1_105' title='bbox 198 1933 249 1991; x_wconf 90' lang='lat' dir='ltr'>est</span> <span class='ocrx_word' id='word_1_106' title='bbox 272 1932 350 1989; x_wconf 89' lang='lat' dir='ltr'>ante</span> <span class='ocrx_word' id='word_1_107' title='bbox 363 1926 526 2011; x_wconf 93' lang='lat' dir='ltr'>templum</span> <span class='ocrx_word' id='word_1_108' title='bbox 540 1927 715 1991; x_wconf 89' lang='lat' dir='ltr'>Minervae</span> <span class='ocrx_word' id='word_1_109' title='bbox 731 1926 825 1990; x_wconf 82' lang='lat' dir='ltr'>iuxta</span> <span class='ocrx_word' id='word_1_110' title='bbox 849 1948 950 2007; x_wconf 88' lang='lat' dir='ltr'>aram,</span> <span class='ocrx_word' id='word_1_111' title='bbox 974 1931 1009 1989; x_wconf 93' lang='lat' dir='ltr'>et</span> <span class='ocrx_word' id='word_1_112' title='bbox 1032 1923 1122 2010; x_wconf 89' lang='lat' dir='ltr'>apud</span> <span class='ocrx_word' id='word_1_113' title='bbox 1146 1947 1222 1989; x_wconf 90' lang='lat' dir='ltr'>eum</span> <span class='ocrx_word' id='word_1_114' title='bbox 1245 1924 1368 2007; x_wconf 85' lang='lat' dir='ltr'>virum,</span> 
     </span>
    </p>
   </div>
   <div class='ocr_carea' id='block_1_3' title="bbox 108 2040 1370 2128">
    <p class='ocr_par' dir='ltr' id='par_1_3' title="bbox 108 2040 1370 2128">
     <span class='ocr_line' id='line_1_16' title="bbox 108 2040 1370 2128; baseline -0.001 -22"><span class='ocrx_word' id='word_1_115' title='bbox 108 2045 110 2051; x_wconf 82' lang='lat'>&#39;</span> <span class='ocrx_word' id='word_1_116' title='bbox 199 2044 257 2126; x_wconf 91' lang='lat' dir='ltr'>qui</span> <span class='ocrx_word' id='word_1_117' title='bbox 281 2042 321 2107; x_wconf 91' lang='lat' dir='ltr'>ab</span> <span class='ocrx_word' id='word_1_118' title='bbox 346 2043 451 2106; x_wconf 89' lang='lat' dir='ltr'>altera</span> <span class='ocrx_word' id='word_1_119' title='bbox 474 2065 550 2106; x_wconf 89' lang='lat' dir='ltr'>arae</span> <span class='ocrx_word' id='word_1_120' title='bbox 574 2050 669 2128; x_wconf 90' lang='lat' dir='ltr'>parte</span> <span class='ocrx_word' id='word_1_121' title='bbox 699 2042 860 2125; x_wconf 88' lang='lat' dir='ltr'>concidit;</span> <span class='ocrx_word' id='word_1_122' title='bbox 898 2042 1083 2127; x_wconf 90' lang='lat' dir='ltr'>clipeorum</span> <span class='ocrx_word' id='word_1_123' title='bbox 1117 2040 1297 2127; x_wconf 89' lang='lat' dir='ltr'>praecipue</span> <span class='ocrx_word' id='word_1_124' title='bbox 1333 2041 1370 2106; x_wconf 93' lang='lat' dir='ltr'>in</span> 
     </span>
    </p>
   </div>
   <div class='ocr_carea' id='block_1_4' title="bbox 198 2157 1375 3751">
    <p class='ocr_par' dir='ltr' id='par_1_4' title="bbox 198 2157 1375 2938">
     <span class='ocr_line' id='line_1_17' title="bbox 200 2157 1372 2247; baseline -0.002 -25"><span class='ocrx_word' id='word_1_125' title='bbox 200 2158 312 2247; x_wconf 85' lang='lat' dir='ltr'>caveis</span> <span class='ocrx_word' id='word_1_126' title='bbox 350 2179 418 2221; x_wconf 92' lang='lat' dir='ltr'>non</span> <span class='ocrx_word' id='word_1_127' title='bbox 459 2159 566 2222; x_wconf 91' lang='lat' dir='ltr'>solum</span> <span class='ocrx_word' id='word_1_128' title='bbox 606 2159 808 2223; x_wconf 91' lang='lat' dir='ltr'>lacertorum</span> <span class='ocrx_word' id='word_1_129' title='bbox 843 2157 1142 2243; x_wconf 89' lang='lat' dir='ltr'>bracchiorumque</span> <span class='ocrx_word' id='word_1_130' title='bbox 1166 2157 1372 2221; x_wconf 88' lang='lat' dir='ltr'>caelatorum</span> 
     </span>
     <span class='ocr_line' id='line_1_18' title="bbox 199 2273 1373 2360; baseline -0.001 -22"><span class='ocrx_word' id='word_1_131' title='bbox 199 2280 310 2338; x_wconf 89' lang='lat' dir='ltr'>certae</span> <span class='ocrx_word' id='word_1_132' title='bbox 334 2274 672 2360; x_wconf 87' lang='lat' dir='ltr'>circumscriptiones,</span> <span class='ocrx_word' id='word_1_133' title='bbox 697 2274 757 2339; x_wconf 90' lang='lat' dir='ltr'>sed</span> <span class='ocrx_word' id='word_1_134' title='bbox 781 2274 884 2338; x_wconf 89' lang='lat' dir='ltr'>etiam</span> <span class='ocrx_word' id='word_1_135' title='bbox 900 2273 1006 2359; x_wconf 88' lang='lat' dir='ltr'>pugni</span> <span class='ocrx_word' id='word_1_136' title='bbox 1024 2274 1090 2358; x_wconf 89' lang='lat' dir='ltr'>ipsi</span> <span class='ocrx_word' id='word_1_137' title='bbox 1102 2279 1217 2358; x_wconf 88' lang='lat' dir='ltr'>aperte</span> <span class='ocrx_word' id='word_1_138' title='bbox 1229 2280 1373 2358; x_wconf 90' lang='lat' dir='ltr'>possunt</span> 
     </span>
     <span class='ocr_line' id='line_1_19' title="bbox 198 2388 1374 2476; baseline 0 -23"><span class='ocrx_word' id='word_1_139' title='bbox 198 2389 365 2474; x_wconf 90' lang='lat' dir='ltr'>dignosci,</span> <span class='ocrx_word' id='word_1_140' title='bbox 397 2389 519 2474; x_wconf 91' lang='lat' dir='ltr'>quibus</span> <span class='ocrx_word' id='word_1_141' title='bbox 542 2398 748 2476; x_wconf 89' lang='lat' dir='ltr'>pugnatores</span> <span class='ocrx_word' id='word_1_142' title='bbox 772 2391 908 2476; x_wconf 92' lang='lat' dir='ltr'>capulos</span> <span class='ocrx_word' id='word_1_143' title='bbox 931 2389 1152 2455; x_wconf 87' lang='lat' dir='ltr'>manubriave</span> <span class='ocrx_word' id='word_1_144' title='bbox 1187 2388 1374 2474; x_wconf 90' lang='lat' dir='ltr'>clipeorum</span> 
     </span>
     <span class='ocr_line' id='line_1_20' title="bbox 198 2501 1375 2591; baseline -0.001 -21"><span class='ocrx_word' id='word_1_145' title='bbox 198 2505 537 2590; x_wconf 89' lang='lat' dir='ltr'>comprehenderunt.</span> <span class='ocrx_word' id='word_1_146' title='bbox 585 2501 800 2585; x_wconf 70' lang='lat' dir='ltr'>Schoeniusl)</span> <span class='ocrx_word' id='word_1_147' title='bbox 824 2505 970 2591; x_wconf 89' lang='lat' dir='ltr'>denique</span> <span class='ocrx_word' id='word_1_148' title='bbox 995 2508 1067 2590; x_wconf 91' lang='lat' dir='ltr'>ipse</span> <span class='ocrx_word' id='word_1_149' title='bbox 1091 2504 1233 2570; x_wconf 89' lang='lat' dir='ltr'>Henrici</span> <span class='ocrx_word' id='word_1_150' title='bbox 1254 2504 1375 2569; x_wconf 87' lang='lat' dir='ltr'>Hirzel</span> 
     </span>
     <span class='ocr_line' id='line_1_21' title="bbox 200 2620 1373 2707; baseline 0.001 -22"><span class='ocrx_word' id='word_1_151' title='bbox 200 2622 406 2685; x_wconf 88' lang='lat' dir='ltr'>sententiam</span> <span class='ocrx_word' id='word_1_152' title='bbox 429 2621 583 2707; x_wconf 90' lang='lat' dir='ltr'>protulit,</span> <span class='ocrx_word' id='word_1_153' title='bbox 608 2622 666 2706; x_wconf 89' lang='lat' dir='ltr'>qui</span> <span class='ocrx_word' id='word_1_154' title='bbox 690 2621 836 2707; x_wconf 87' lang='lat' dir='ltr'>scripsit,</span> <span class='ocrx_word' id='word_1_155' title='bbox 860 2623 897 2686; x_wconf 90' lang='lat' dir='ltr'>in</span> <span class='ocrx_word' id='word_1_156' title='bbox 919 2621 1073 2706; x_wconf 91' lang='lat' dir='ltr'>pluribus</span> <span class='ocrx_word' id='word_1_157' title='bbox 1088 2620 1208 2705; x_wconf 89' lang='lat' dir='ltr'>figuris</span> <span class='ocrx_word' id='word_1_158' title='bbox 1224 2642 1278 2684; x_wconf 89' lang='lat' dir='ltr'>res</span> <span class='ocrx_word' id='word_1_159' title='bbox 1303 2621 1373 2686; x_wconf 89' lang='lat' dir='ltr'>sin-</span> 
     </span>
     <span class='ocr_line' id='line_1_22' title="bbox 200 2737 1374 2823; baseline 0.001 -22"><span class='ocrx_word' id='word_1_160' title='bbox 200 2738 308 2823; x_wconf 85' lang='lat' dir='ltr'>gulas,</span> <span class='ocrx_word' id='word_1_161' title='bbox 343 2737 430 2802; x_wconf 90' lang='lat' dir='ltr'>sicut</span> <span class='ocrx_word' id='word_1_162' title='bbox 453 2759 511 2802; x_wconf 92' lang='lat' dir='ltr'>ora</span> <span class='ocrx_word' id='word_1_163' title='bbox 546 2738 737 2822; x_wconf 81' lang='lat' dir='ltr'>vultusque,</span> <span class='ocrx_word' id='word_1_164' title='bbox 773 2737 903 2820; x_wconf 91' lang='lat' dir='ltr'>barbas,</span> <span class='ocrx_word' id='word_1_165' title='bbox 939 2739 1096 2803; x_wconf 85' lang='lat' dir='ltr'>alienon</span> <span class='ocrx_word' id='word_1_166' title='bbox 1122 2738 1189 2802; x_wconf 90' lang='lat' dir='ltr'>iam</span> <span class='ocrx_word' id='word_1_167' title='bbox 1214 2739 1374 2821; x_wconf 89' lang='lat' dir='ltr'>cognosci</span> 
     </span>
     <span class='ocr_line' id='line_1_23' title="bbox 200 2854 1196 2938; baseline 0 -20"><span class='ocrx_word' id='word_1_168' title='bbox 200 2876 311 2938; x_wconf 89' lang='lat' dir='ltr'>posse;</span> <span class='ocrx_word' id='word_1_169' title='bbox 337 2875 416 2938; x_wconf 90' lang='lat' dir='ltr'>ergo</span> <span class='ocrx_word' id='word_1_170' title='bbox 440 2859 623 2938; x_wconf 91' lang='lat' dir='ltr'>potuerunt</span> <span class='ocrx_word' id='word_1_171' title='bbox 647 2854 805 2938; x_wconf 89' lang='lat' dir='ltr'>cognosci</span> <span class='ocrx_word' id='word_1_172' title='bbox 828 2854 943 2919; x_wconf 90' lang='lat' dir='ltr'>tabula</span> <span class='ocrx_word' id='word_1_173' title='bbox 966 2876 1036 2920; x_wconf 92' lang='lat' dir='ltr'>non</span> <span class='ocrx_word' id='word_1_174' title='bbox 1060 2854 1196 2918; x_wconf 90' lang='lat' dir='ltr'>violata.</span> 
     </span>
    </p>

    <p class='ocr_par' dir='ltr' id='par_1_5' title="bbox 202 2969 1374 3751">
     <span class='ocr_line' id='line_1_24' title="bbox 308 2969 1373 3054; baseline 0.001 -21"><span class='ocrx_word' id='word_1_175' title='bbox 308 2969 403 3033; x_wconf 88' lang='lat' dir='ltr'>Haec</span> <span class='ocrx_word' id='word_1_176' title='bbox 430 2969 538 3052; x_wconf 90' lang='lat' dir='ltr'>igitur</span> <span class='ocrx_word' id='word_1_177' title='bbox 565 2969 699 3054; x_wconf 88' lang='lat' dir='ltr'>singula</span> <span class='ocrx_word' id='word_1_178' title='bbox 725 2969 840 3035; x_wconf 90' lang='lat' dir='ltr'>omnia</span> <span class='ocrx_word' id='word_1_179' title='bbox 872 2970 931 3054; x_wconf 92' lang='lat' dir='ltr'>qui</span> <span class='ocrx_word' id='word_1_180' title='bbox 959 2969 1254 3054; x_wconf 89' lang='lat' dir='ltr'>comprehenderit</span> <span class='ocrx_word' id='word_1_181' title='bbox 1283 2991 1373 3035; x_wconf 89' lang='lat' dir='ltr'>com·</span> 
     </span>
     <span class='ocr_line' id='line_1_25' title="bbox 202 3084 1374 3171; baseline 0.003 -23"><span class='ocrx_word' id='word_1_182' title='bbox 202 3085 387 3170; x_wconf 73' lang='lat' dir='ltr'>plenusque</span> <span class='ocrx_word' id='word_1_183' title='bbox 415 3084 490 3165; x_wconf 85' lang='lat' dir='ltr'>erit,</span> <span class='ocrx_word' id='word_1_184' title='bbox 524 3085 583 3150; x_wconf 87' lang='lat' dir='ltr'>vix</span> <span class='ocrx_word' id='word_1_185' title='bbox 611 3085 825 3168; x_wconf 87' lang='lat' dir='ltr'>infitiabitur,</span> <span class='ocrx_word' id='word_1_186' title='bbox 860 3085 1037 3151; x_wconf 89' lang='lat' dir='ltr'>tabulam</span> <span class='ocrx_word' id='word_1_187' title='bbox 1065 3091 1245 3150; x_wconf 86' lang='lat' dir='ltr'>nostram</span> <span class='ocrx_word' id='word_1_188' title='bbox 1274 3107 1374 3171; x_wconf 91' lang='lat' dir='ltr'>opus</span> 
     </span>
     <span class='ocr_line' id='line_1_26' title="bbox 203 3200 1373 3286; baseline 0.003 -22"><span class='ocrx_word' id='word_1_189' title='bbox 203 3223 290 3265; x_wconf 89' lang='lat' dir='ltr'>esse</span> <span class='ocrx_word' id='word_1_190' title='bbox 325 3202 547 3286; x_wconf 86' lang='lat' dir='ltr'>perfectum</span> <span class='ocrx_word' id='word_1_191' title='bbox 576 3207 614 3265; x_wconf 88' lang='lat' dir='ltr'>et</span> <span class='ocrx_word' id='word_1_192' title='bbox 642 3202 688 3265; x_wconf 91' lang='lat' dir='ltr'>ad</span> <span class='ocrx_word' id='word_1_193' title='bbox 722 3202 847 3267; x_wconf 80' lang='lat' dir='ltr'>linem</span> <span class='ocrx_word' id='word_1_194' title='bbox 877 3201 1127 3286; x_wconf 90' lang='lat' dir='ltr'>perductum,</span> <span class='ocrx_word' id='word_1_195' title='bbox 1162 3200 1253 3286; x_wconf 89' lang='lat' dir='ltr'>quod</span> <span class='ocrx_word' id='word_1_196' title='bbox 1288 3209 1373 3267; x_wconf 90' lang='lat' dir='ltr'>tem·</span> 
     </span>
     <span class='ocr_line' id='line_1_27' title="bbox 202 3317 1373 3403; baseline 0.001 -22"><span class='ocrx_word' id='word_1_197' title='bbox 202 3339 321 3402; x_wconf 90' lang='lat' dir='ltr'>porum</span> <span class='ocrx_word' id='word_1_198' title='bbox 344 3322 478 3382; x_wconf 92' lang='lat' dir='ltr'>tantum</span> <span class='ocrx_word' id='word_1_199' title='bbox 502 3317 682 3402; x_wconf 89' lang='lat' dir='ltr'>iniquitate</span> <span class='ocrx_word' id='word_1_200' title='bbox 707 3326 741 3382; x_wconf 90' lang='lat' dir='ltr'>et</span> <span class='ocrx_word' id='word_1_201' title='bbox 763 3319 895 3384; x_wconf 90' lang='lat' dir='ltr'>invidia</span> <span class='ocrx_word' id='word_1_202' title='bbox 917 3319 1077 3382; x_wconf 89' lang='lat' dir='ltr'>materiae</span> <span class='ocrx_word' id='word_1_203' title='bbox 1100 3328 1239 3403; x_wconf 89' lang='lat' dir='ltr'>propter</span> <span class='ocrx_word' id='word_1_204' title='bbox 1262 3319 1373 3384; x_wconf 91' lang='lat' dir='ltr'>molli-</span> 
     </span>
     <span class='ocr_line' id='line_1_28' title="bbox 203 3430 1372 3519; baseline 0.001 -21"><span class='ocrx_word' id='word_1_205' title='bbox 203 3432 357 3498; x_wconf 87' lang='lat' dir='ltr'>tudinem</span> <span class='ocrx_word' id='word_1_206' title='bbox 389 3433 510 3496; x_wconf 89' lang='lat' dir='ltr'>misere</span> <span class='ocrx_word' id='word_1_207' title='bbox 544 3433 590 3498; x_wconf 90' lang='lat' dir='ltr'>sit</span> <span class='ocrx_word' id='word_1_208' title='bbox 624 3434 886 3519; x_wconf 89' lang='lat' dir='ltr'>pessumdatum.</span> <span class='ocrx_word' id='word_1_209' title='bbox 944 3435 1060 3498; x_wconf 83' lang='lat' dir='ltr'>Etiam</span> <span class='ocrx_word' id='word_1_210' title='bbox 1084 3430 1372 3518; x_wconf 65' lang='lat' dir='ltr'>Brueningiusm),</span> 
     </span>
     <span class='ocr_line' id='line_1_29' title="bbox 203 3549 1374 3637; baseline 0.003 -24"><span class='ocrx_word' id='word_1_211' title='bbox 203 3549 337 3614; x_wconf 90' lang='lat' dir='ltr'>tabulae</span> <span class='ocrx_word' id='word_1_212' title='bbox 361 3549 582 3633; x_wconf 86' lang='lat' dir='ltr'>adversarius,</span> <span class='ocrx_word' id='word_1_213' title='bbox 606 3572 714 3637; x_wconf 90' lang='lat' dir='ltr'>nuper</span> <span class='ocrx_word' id='word_1_214' title='bbox 739 3551 915 3634; x_wconf 89' lang='lat' dir='ltr'>concessit,</span> <span class='ocrx_word' id='word_1_215' title='bbox 944 3573 1029 3636; x_wconf 90' lang='lat' dir='ltr'>opus</span> <span class='ocrx_word' id='word_1_216' title='bbox 1054 3550 1095 3614; x_wconf 90' lang='lat' dir='ltr'>ab</span> <span class='ocrx_word' id='word_1_217' title='bbox 1119 3549 1248 3614; x_wconf 88' lang='lat' dir='ltr'>artifice</span> <span class='ocrx_word' id='word_1_218' title='bbox 1273 3551 1374 3635; x_wconf 89' lang='lat' dir='ltr'>plane</span> 
     </span>
     <span class='ocr_line' id='line_1_30' title="bbox 204 3666 838 3751; baseline 0 -21"><span class='ocrx_word' id='word_1_219' title='bbox 204 3666 394 3730; x_wconf 81' lang='lat' dir='ltr'>confectum</span> <span class='ocrx_word' id='word_1_220' title='bbox 418 3670 519 3751; x_wconf 91' lang='lat' dir='ltr'>atque</span> <span class='ocrx_word' id='word_1_221' title='bbox 543 3666 732 3731; x_wconf 91' lang='lat' dir='ltr'>absolutum</span> <span class='ocrx_word' id='word_1_222' title='bbox 757 3687 838 3730; x_wconf 91' lang='lat' dir='ltr'>esse.</span> 
     </span>
    </p>
   </div>
   <div class='ocr_carea' id='block_1_5' title="bbox 135 3913 1377 4116">
    <p class='ocr_par' dir='ltr' id='par_1_6' title="bbox 135 3913 1377 4116">
     <span class='ocr_line' id='line_1_31' title="bbox 311 3913 1376 4002; baseline 0.004 -23"><span class='ocrx_word' id='word_1_223' title='bbox 311 3913 378 3979; x_wconf 83' lang='lat' dir='ltr'>Sed</span> <span class='ocrx_word' id='word_1_224' title='bbox 411 3913 528 3980; x_wconf 89' lang='lat' dir='ltr'>redeat</span> <span class='ocrx_word' id='word_1_225' title='bbox 562 3914 652 3979; x_wconf 91' lang='lat' dir='ltr'>unde</span> <span class='ocrx_word' id='word_1_226' title='bbox 687 3915 858 3981; x_wconf 89' lang='lat' dir='ltr'>aberravit</span> <span class='ocrx_word' id='word_1_227' title='bbox 893 3916 1079 4002; x_wconf 88' lang='lat' dir='ltr'>disputatio</span> <span class='ocrx_word' id='word_1_228' title='bbox 1108 3923 1234 3981; x_wconf 89' lang='lat' dir='ltr'>nostra.</span> <span class='ocrx_word' id='word_1_229' title='bbox 1282 3916 1376 4002; x_wconf 80' lang='lat' dir='ltr'>Age-</span> 
     </span>
     <span class='ocr_line' id='line_1_32' title="bbox 135 4029 1377 4116; baseline 0.002 -21"><span class='ocrx_word' id='word_1_230' title='bbox 135 4061 136 4064; x_wconf 41' lang='lat'><em>*</em></span> <span class='ocrx_word' id='word_1_231' title='bbox 204 4029 322 4095; x_wconf 90' lang='lat' dir='ltr'>bamus</span> <span class='ocrx_word' id='word_1_232' title='bbox 358 4031 448 4095; x_wconf 90' lang='lat' dir='ltr'>enim</span> <span class='ocrx_word' id='word_1_233' title='bbox 484 4029 526 4094; x_wconf 89' lang='lat' dir='ltr'>de</span> <span class='ocrx_word' id='word_1_234' title='bbox 561 4030 628 4094; x_wconf 90' lang='lat' dir='ltr'>fide</span> <span class='ocrx_word' id='word_1_235' title='bbox 664 4031 779 4116; x_wconf 89' lang='lat' dir='ltr'>ectypi</span> <span class='ocrx_word' id='word_1_236' title='bbox 802 4033 919 4096; x_wconf 91' lang='lat' dir='ltr'>nostri.</span> <span class='ocrx_word' id='word_1_237' title='bbox 966 4033 1089 4097; x_wconf 83' lang='lat' dir='ltr'>Fidem</span> <span class='ocrx_word' id='word_1_238' title='bbox 1112 4032 1246 4096; x_wconf 89' lang='lat' dir='ltr'>tabulae</span> <span class='ocrx_word' id='word_1_239' title='bbox 1272 4033 1377 4098; x_wconf 90' lang='lat' dir='ltr'>etiam</span> 
     </span>
    </p>
   </div>
   <div class='ocr_carea' id='block_1_6' title="bbox 315 4257 858 4331">
    <p class='ocr_par' dir='ltr' id='par_1_7' title="bbox 315 4257 858 4331">
     <span class='ocr_line' id='line_1_33' title="bbox 315 4257 858 4331; baseline 0.006 -21"><span class='ocrx_word' id='word_1_240' title='bbox 315 4258 357 4323; x_wconf 82' lang='lat'>10)</span> <span class='ocrx_word' id='word_1_241' title='bbox 376 4257 518 4312; x_wconf 86' lang='lat' dir='ltr'>Archaeol.</span> <span class='ocrx_word' id='word_1_242' title='bbox 538 4257 635 4316; x_wconf 85' lang='lat' dir='ltr'>Jahrb.</span> <span class='ocrx_word' id='word_1_243' title='bbox 656 4259 733 4324; x_wconf 71' lang='lat'>1894,</span> <span class='ocrx_word' id='word_1_244' title='bbox 752 4276 778 4331; x_wconf 90' lang='lat' dir='ltr'>p.</span> <span class='ocrx_word' id='word_1_245' title='bbox 800 4260 858 4313; x_wconf 87' lang='grc'><strong>136.</strong></span> 
     </span>
    </p>
   </div>
   <div class='ocr_carea' id='block_1_7' title="bbox 0 0 1454 4912">
    <p class='ocr_par' dir='ltr' id='par_1_8' title="bbox 0 0 1454 4912">
     <span class='ocr_line' id='line_1_34' title="bbox 0 0 1454 4912; baseline 0 0"><span class='ocrx_word' id='word_1_246' title='bbox 0 0 1454 4912; x_wconf 95' lang='lat' dir='ltr'> </span> 
     </span>
    </p>
   </div>
  </div>
 </body>
</html>
