2872 4912
697 252 916 315 „26-

218 427 321 512 probe
346 429 469 493 artifex
493 451 533 493 ex
557 429 620 493 hoc
644 427 731 492 libro
756 419 927 489 Μενελάου
952 417 1101 510 ἀριστεία
1130 428 1297 512 inscripto
1320 427 1387 491 Me-

216 544 306 608 nelei
329 544 487 629 inprimis
510 567 563 609 res
586 552 700 628 gestas
724 551 803 610 ante
827 545 941 609 oculos
964 550 1097 610 nostros
1120 544 1309 629 proposuit.

321 776 363 841 In
400 776 508 841 linea
546 777 735 860 sequenti
773 771 825 860 [..]
877 776 1001 842 artifex
1044 775 1190 861 primum
1234 776 1386 840 lamen·

215 892 411 956 tationem
435 892 644 957 funebrem
680 891 778 957 nobis
813 892 1081 977 repraesentavit
1111 915 1131 956 a
1153 891 1275 957 Iahnio
1305 891 1385 954 satis

216 1009 427 1093 explicatam.
474 1009 606 1074 Deinde
631 1008 773 1072 Thetis
803 1031 878 1072 cum
902 1007 1075 1074 Nereide
1111 1007 1256 1093 quadam
1296 1006 1385 1070 tristi

216 1124 329 1188 animo
354 1123 397 1188 ad
420 1124 610 1189 Vulcanum
645 1146 681 1189 se
716 1125 848 1188 confert
876 1145 965 1188 nova
990 1146 1082 1189 arma
1106 1123 1147 1188 ab
1173 1145 1211 1186 eo
1237 1123 1386 1207 petitura

215 1240 362 1322 (XVIII,
401 1241 579 1322 142--44);
626 1240 779 1325 neglexit
811 1240 944 1322 artifex,
982 1240 1186 1325 plangentes
1221 1237 1385 1304 Nereides
1424 1278 1426 1283 ν

215 1363 315 1420 antea
352 1355 418 1419 iam
449 1355 637 1420 aThetide
661 1378 733 1420 esse
773 1355 929 1420 dimissas
965 1357 1067 1435 (140-
1086 1356 1152 1436 45),
1188 1362 1222 1419 et
1250 1355 1384 1419 facilem

214 1471 382 1556 quendam
416 1471 585 1536 commisit
623 1493 769 1536 errorem
805 1472 933 1536 duabus
972 1472 1072 1536 rebus
1108 1471 1176 1535 illis
1209 1471 1246 1536 in
1281 1491 1384 1535 unam
1424 1470 1426 1535 Ξ

215 1587 399 1670 imaginem
425 1587 617 1667 contractis,
642 1587 730 1652 sicut
753 1589 856 1653 etiam
881 1589 917 1652 in
941 1588 1112 1672 superiore
1129 1586 1247 1652 ordine
1265 1586 1384 1650 Thetis

213 1725 280 1767 una
304 1725 379 1767 cum
403 1702 549 1768 Nereide
572 1702 715 1787 quadam
741 1726 832 1768 arma
856 1726 875 1767 a
897 1704 1050 1769 Vulcano
1074 1702 1240 1767 fabricata
1257 1700 1384 1766 Achilli

213 1817 284 1883 filio
307 1817 423 1884 tradit.
448 1818 648 1884 —Vulcani
664 1820 755 1905 operi
774 1820 840 1905 ipsi
857 1819 1037 1884 Thetidem
1054 1819 1171 1882 adesse
1194 1839 1263 1882 non
1288 1839 1384 1903 posse

213 1933 695 2020 Brueningius(p.141—42)
719 1936 904 2018 contendit,
930 1934 1089 2019 quoniam
1106 1933 1278 2014 Vulcanus
1303 1954 1384 2018 opus

213 2049 416 2134 aggrediens
440 2051 614 2115 sedentem
639 2050 818 2116 Thetidem
843 2051 1036 2135 reliquisset
1059 2050 1150 2131 (3893
1175 2050 1266 2126 aaa:
1305 2050 1383 2113 Bre-

213 2166 333 2231 vitatis
357 2187 457 2230 causa
480 2167 521 2232 ab
546 2166 675 2231 artifice
699 2167 887 2252 complures
912 2167 971 2231 has
994 2189 1048 2231 res
1076 2173 1192 2232 contra
1221 2165 1383 2250 temporis

215 2289 249 2344 et
274 2282 339 2346 loci
362 2283 528 2347 unitatem
553 2289 691 2367 propter
714 2283 860 2368 spatium
885 2289 1066 2367 angustum
1102 2283 1139 2347 in
1174 2303 1277 2347 unam
1304 2282 1382 2346 ima·

212 2397 329 2480 ginem
353 2405 517 2462 coartatas
541 2420 613 2462 esse
639 2398 816 2481 contendo,
856 2399 945 2483 quod
984 2399 1076 2463 idem
1111 2399 1147 2463 in
1175 2397 1383 2480 imaginibus

214 2512 396 2578 eorundem
419 2515 491 2578 fere
507 2520 697 2599 temporum
710 2514 926 2600 Pompeianis
950 2515 1145 2600 saepissime
1168 2515 1299 2578 facturn
1324 2519 1383 2578 est,

319 2631 413 2695 Haec
447 2629 549 2694 tertia
584 2630 696 2714 imago
716 2619 943 2692 ‘catenata
978 2630 1142 2715 inscripta
1176 2630 1217 2694 ab
1242 2629 1383 2694 Homeri

212 2747 406 2810 narratione
431 2745 555 2827 differt,
581 2745 670 2830 quod
694 2747 874 2810 Vulcano
897 2753 979 2811 tres
1004 2746 1202 2831 Cyclopes
1227 2746 1313 2810 socii
1337 2746 1382 2809 la·

212 2860 302 2925 boris
327 2861 479 2926 adiuncti
503 2868 591 2944 sunt,
617 2883 755 2946 quorum
780 2861 869 2946 apud
882 2863 1070 2926 Homerum
1082 2861 1176 2926 nulla
1187 2860 1227 2925 fit
1243 2861 1381 2926 mentio.

213 2976 373 3055 Quaestio
390 2978 536 3042 occurrit
563 2999 751 3063 operaeque
766 2977 913 3064 pretium
930 2984 982 3042 est
993 2977 1174 3062 inquirere,
1199 2999 1219 3040 a
1235 2998 1382 3061 quonam

211 3093 376 3178 scriptore
398 3093 507 3178 primo
532 3093 697 3178 Cyclopes
732 3094 903 3159 fabrorum
939 3095 1035 3178 quasi
1071 3093 1184 3157 ordini
1219 3092 1382 3178 adscripti

213 3217 247 3273 et
282 3209 426 3274 Vulcani
460 3209 609 3273 ministri
644 3209 728 3274 dicti
766 3210 849 3274 sint:
889 3209 992 3296 Apud
1021 3211 1206 3274 Homerum
1236 3207 1382 3273 Vulcani

212 3324 349 3390 officina
372 3325 408 3388 in
432 3324 578 3409 Olympo
602 3331 662 3408 est,
698 3326 756 3391 ubi
780 3348 800 3390 a
823 3326 988 3390 ministris
1022 3325 1158 3390 adiutus
1192 3324 1298 3388 nullis
1329 3347 1381 3390 res

212 3463 361 3506 summae
385 3440 468 3504 artis
490 3440 687 3520 fabricatur3
723 3443 809 3527 quod
846 3464 926 3507 vero
950 3441 1103 3526 Apollini
1136 3439 1231 3504 dedit
1268 3433 1381 3522 cipido
1424 3526 1426 3531 Ι

211 3552 380 3639 θοῦριν48),
417 3556 535 3620 eodem
573 3557 645 3621 fere
684 3579 822 3621 munere
851 3559 989 3622 functus
1022 3564 1083 3640 est,
1120 3578 1185 3640 quo
1211 3556 1381 3642 Cyclopes
1424 3538 1426 3560 ¹

212 3664 365 3758 Βρόντης,
406 3664 583 3757 Στερόπης,
616 3661 738 3757 ''Apng
777 3694 856 3755 erga
889 3673 1014 3756 Iovem,
1056 3672 1114 3757 qui
1149 3672 1200 3736 illi
1234 3673 1383 3738 fulmina

211 3790 471 3854 subministrant
505 3789 546 3854 ab
574 3790 657 3874 ipsis
684 3790 784 3853 facta.
828 3790 888 3854 Nil
916 3790 1039 3853 mirum
1067 3788 1173 3872 igitur
1202 3811 1259 3852 eos
1286 3790 1382 3855 brevi

212 3907 384 3970 ministros
408 3906 553 3971 Vulcani
577 3904 684 3969 factos
709 3927 790 3986 esse,
817 3927 892 3968 cum
916 3905 967 3968 illi
992 3927 1124 3989 quoque
1148 3905 1231 3968 artis
1248 3906 1383 3972 fabrilis

210 4023 313 4108 periti
336 4031 459 4086 essent.
506 4021 715 4085 Posteriores
751 4021 885 4085 fabulae
913 4022 987 4086 loca
1014 4020 1174 4106 inprimis
1203 4021 1383 4105 ignivoma

318 4270 362 4332 48)
382 4268 466 4322 Hom.
486 4268 519 4321 Il.
538 4267 604 4334 XV,
624 4267 776 4333 308-310;
797 4267 867 4328 Stat,
887 4267 952 4322 silv.
971 4267 1027 4332 ΙΙΙ,
1049 4267 1107 4328 132,
