2872 4912
533 275 750 342 ..17-

58 456 115 539 tur
149 473 232 534 esse,
268 459 433 537 quantum
468 453 603 519 tabulae
627 455 812 521 adversarii
840 455 891 520 illi
915 456 1117 536 tribuerunt,
1154 476 1229 522 cum

58 568 173 653 imago
197 591 216 633 a
239 591 275 632 re
298 591 379 634 vera
403 568 540 636 differre
564 593 632 636 non
655 571 829 655 videatur3
859 595 936 637 nam
962 573 990 637 si
1014 573 1089 658 quis
1112 573 1230 638 stricto

58 683 175 768 gladio
207 684 373 771 impetum
409 686 445 751 in
481 692 515 751 te
551 688 665 771 faciet,
700 688 760 752 vix
795 693 833 752 tu
859 711 994 754 securus
1018 688 1170 774 gladium
1194 690 1229 753 in

58 800 187 884 vagina
199 801 333 866 tenebis
345 802 568 886 reconditum,
594 804 652 869 sed
665 804 736 870 vim
749 804 784 868 vi
795 805 990 890 propulsare
1003 800 1229 883 conaberis41).

167 917 209 982 In
248 926 398 984 extrema
436 919 583 1004 denique
625 921 755 1006 primae
799 942 901 986 zonae
947 930 1043 1006 parte
1089 920 1230 985 Thetis

59 1032 178 1099 eodem
212 1033 331 1099 habitu
366 1035 540 1120 exsculpta
574 1044 635 1120 est,
669 1058 735 1121 quo
759 1037 925 1101 Homerus
955 1059 1028 1101 eam
1052 1036 1231 1121 descripsit

58 1149 101 1232 (I,
126 1151 211 1215 500-
237 1149 325 1231 502),
359 1151 426 1215 nisi
457 1151 545 1237 quod
568 1174 687 1217 manus
712 1152 802 1217 inter
826 1175 861 1216 se
887 1158 1036 1218 mutatae
1060 1159 1148 1236 sunt,
1183 1153 1231 1218 ita

58 1273 98 1330 ut
130 1265 248 1330 Thetis
284 1266 401 1332 dextra
436 1289 538 1332 manu
566 1268 676 1332 Iovis
714 1290 826 1352 genua
864 1269 1096 1353 amplectatur,
1135 1269 1231 1334 laeva

59 1389 214 1447 mentum
237 1382 309 1447 eius
332 1384 478 1448 mulcere
503 1391 652 1448 conetur.
705 1384 835 1449 iniuste
869 1384 977 1468 igitur
999 1385 1230 1469 Brueningius

59 1498 104 1584 (p.
132 1498 423 1578 139-40)nim10
448 1499 658 1565 differentias
693 1501 894 1565 inveniendi
928 1500 1040 1566 studio
1068 1501 1155 1566 hane
1179 1508 1229 1566 ta·

59 1615 158 1679 bulae
182 1615 366 1699 imaginem
391 1616 519 1700 reiecit,
550 1638 635 1701 quae
660 1617 820 1701 congruit
844 1639 919 1682 cum
944 1618 1091 1682 Homero
1115 1627 1231 1682 contra

57 1730 202 1796 Iliadem
226 1731 367 1796 latinam
392 1739 436 1803 (v.
461 1732 530 1813 87);
559 1733 686 1797 etenim
714 1755 866 1818 „sparsos
890 1729 1048 1818 capillos“
1075 1733 1230 1798 Thetidis

61 1847 227 1933 „genibus
250 1849 340 1932 regis
364 1844 511 1913 affusae“
537 1850 574 1913 in
598 1849 711 1914 tabula
734 1850 905 1935 repperire
930 1871 998 1914 non
1021 1850 1130 1935 potui.

165 1965 331 2049 Reliqui
367 1964 548 2048 ordines,
584 1965 642 2050 qui
664 1965 784 2030 Iliadis
812 1965 934 2030 librum
959 1966 1101 2030 alterum
1124 1988 1231 2050 usque

59 2080 102 2145 ad
127 2080 364 2146 duodecimum
387 2088 733 2167 repraesentaverant,
759 2103 835 2146 cum
851 2103 974 2166 magno
992 2082 1105 2146 dolore
1117 2088 1231 2147 nostro

58 2196 313 2262 interierunt
336 2205 458 2284 ectypo
481 2200 599 2280 fracto,
624 2220 734 2282 neque
758 2197 842 2261 mihi
867 2199 904 2261 in
928 2197 1040 2262 animo
1057 2205 1118 2282 est,
1143 2203 1231 2262 cete·

56 2335 171 2378 rarum
195 2314 385 2378 tabularum
410 2314 589 2378 Iliacarum
612 2315 805 2398 fragmenta
840 2312 883 2377 ad
907 2319 1058 2378 nostram
1082 2313 1232 2378 tabulam

59 2429 296 2512 complendam
320 2436 354 2493 et
377 2429 518 2495 Homeri
546 2452 621 2494 cum
645 2429 752 2494 Iliade
788 2429 1026 2494 conferendam
1061 2429 1230 2513 adhibere,

61 2547 219 2630 quoniam
256 2546 314 2610 illa
342 2552 380 2609 ut
404 2568 505 2631 supra
529 2545 599 2610 dixi
623 2551 781 2610 anostra
817 2545 931 2610 tabula
965 2547 1041 2630 plus
1075 2546 1231 2611 minusve

62 2660 255 2747 discrepant
280 2661 509 2748 dispositione,
534 2684 634 2747 quam
659 2661 795 2726 obrem
822 2662 934 2727 minus
957 2662 1078 2727 idonea
1094 2669 1174 2726 sunt
1190 2662 1232 2726 ad

59 2777 163 2842 fidem
178 2784 313 2843 nostrae
330 2778 465 2843 tabulae
481 2777 681 2843 servandam
695 2784 753 2842 aut
767 2778 1075 2844 demonstrandam.
1101 2778 1231 2842 Nihilo-

56 2895 173 2959 minus
211 2895 322 2959 facere
361 2916 429 2959 non
468 2917 616 2979 possum,
658 2894 740 2980 quin
773 2893 855 2959 duas
880 2894 1084 2979 Brueningii
1119 2894 1230 2959 obser-

54 3010 216 3075 vationes
240 3011 356 3097 paucis
380 3011 562 3096 attingam:

167 3186 222 3253 Ad
258 3189 443 3275 quintum
479 3188 622 3253 Iliadis
657 3188 804 3253 librum
827 3188 1057 3272 Brueningius
1082 3185 1128 3271 (p.
1156 3190 1232 3266 140)

56 3305 236 3370 tabulasB
260 3306 337 3370 etC
362 3306 399 3370 in
422 3305 586 3371 auxilium
610 3305 755 3388 vocavit,
781 3305 990 3388 miraturque
1006 3304 1231 3369 Minervam

167 3508 302 3573 1111110
325 3507 444 3577 quodam
468 3507 550 3561 modo
573 3524 636 3560 cum
659 3506 711 3560 hac
739 3507 879 3575 sculptura
902 3506 1028 3576 congruit
1051 3507 1159 3575 pictura
1182 3506 1233 3559 Πὲ.ι

55 3597 159 3652 codicis
178 3597 351 3651 Ambrosiam
380 3597 528 3662 Homerici,
552 3597 580 3648 in
604 3613 659 3666 qua
686 3596 795 3665 quidem
825 3596 971 3666 Menelaus
989 3601 1015 3648 et
1043 3595 1230 3665 Agamemnon

56 3693 166 3756 sceptra
184 3687 311 3740 manibus
330 3692 434 3753 tenent;
460 3703 530 3757 pene
553 3687 720 3756 conspicitur
738 3687 857 3739 militurn
876 3686 976 3740 contio.
1014 3685 1055 3739 Of.
1075 3686 1157 3738 etiam
1176 3686 1231 3754 pic-

55 3783 151 3830 turam
175 3775 264 3828 mm
286 3782 312 3830 et
335 3777 418 3830 verba
440 3777 538 3846 Angeli
561 3777 629 3829 Maii
653 3776 681 3828 in
707 3775 824 3829 editione
842 3775 951 3829 codicis.
990 3775 1095 3844 Operae
1114 3775 1231 3843 pretium

56 3865 156 3920 deinde
169 3867 219 3919 erit
232 3865 313 3919 hasce
325 3866 425 3921 codicis
440 3866 560 3935 picturas
572 3883 636 3919 eum
656 3871 752 3935 ectypo
767 3871 860 3918 nostro
878 3865 1011 3918 conferre:
1031 3864 1066 3917 In
1078 3864 1185 3933 pictura
1199 3863 1232 3916 11

57 3956 183 4010 ridemus
196 3955 319 4024 Chrysen
333 3962 455 4010 orantem
469 3960 550 4024 atque
563 3960 678 4024 pest-erm
692 3955 720 4007 in
737 3955 845 4024 pictura
858 3954 937 4008 Vns
948 3959 1084 4006 maestum
1097 3953 1232 4006 Achillem

57 4044 152 4101 Thetis
171 4047 264 4100 mater
276 4047 443 4111 consolatum
464 4047 492 4099 in
515 4038 623 4115 pictura
641 4044 737 4098 Vffls
755 4050 818 4097 ante
839 4044 936 4097 lanum
957 4043 1095 4112 Apollinis
1115 4042 1232 4110 Chryses

56 4136 147 4191 filiam
176 4136 283 4206 recipit;
311 4137 339 4188 in
367 4137 476 4205 pictura
504 4135 567 4188 IX}²
593 4134 686 4187 Thetis
715 4134 808 4187 Iovem
840 4150 889 4203 pro
917 4133 976 4186 filio
1004 4132 1175 4202 deprecatum
1204 4133 1232 4184 in

56 4226 168 4296 pictura
185 4225 278 4280 LIV!
300 4225 416 4296 deniquo
439 4224 544 4280 Hector
566 4223 681 4278 Achillis
704 4240 879 4293 congressum
902 4227 1040 4292 exspectat
1069 4222 1113 4292 (Il.
1132 4221 1232 4283 XXII,

56 4318 85 4382 e;
106 4318 155 4381 353
175 4315 228 4383 92),

1021 4417 1037 4451 o
