2872 4912
697 253 916 320 ,96-

215 431 288 496 loco
334 433 532 518 EuripideS,
578 433 686 497 nimis
731 433 866 498 incaute
910 439 1010 517 atque
1055 433 1172 518 inepte
1218 438 1394 497 auctorem

214 570 311 612 suum
349 555 559 633 prosecutus3
607 549 837 615 Stesichorum
884 557 998 614 autem
1041 549 1131 614 huno
1170 549 1249 613 sine
1290 547 1393 612 dubio

214 663 319 729 fuisse
343 664 554 747 crediderim,
580 667 638 750 qui
654 667 744 731 solus
760 665 907 730 traditur
923 665 964 729 de
981 665 1220 750 praetermissa
1241 665 1392 730 Helenae

214 780 423 866 lapidatione
447 781 506 846 illa
530 783 702 847 cecinisse.
750 783 866 869 Etiam
891 782 1026 846 tabulae
1060 782 1184 846 Iliacae
1221 781 1390 865 imagines

216 897 264 960 sic
299 897 473 962 nonnullis
510 898 592 963 locis
616 897 793 984 Euripidis
818 920 894 963 cum
919 897 1104 982 tragoediis
1132 903 1205 962 arte
1230 897 1392 962 videntur

215 1013 403 1077 cohaerere.

322 1129 433 1194 Aliter
471 1152 542 1194 rem
577 1130 761 1215 explicavit
796 1130 1039 1214 Fogginius‚
1087 1129 1145 1215 qui
1192 1152 1271 1194 cum
1313 1135 1390 1195 ante

213 1251 393 1330 utrumque
417 1247 581 1330 templum
605 1246 723 1310 heroas
747 1246 910 1312 Troianos
936 1252 1081 1311 armatos
1111 1247 1147 1310 in
1171 1267 1289 1330 genua
1314 1268 1390 1311 con·

215 1361 335 1425 cidisse
369 1362 454 1426 falso
488 1362 670 1445 existimet,
706 1363 881 1426 mulierem
918 1363 1007 1426 infra
1036 1361 1192 1426 dextrum
1221 1361 1391 1446 templum

214 1477 309 1541 humi
332 1478 496 1542 iacentem
523 1479 690 1543 Helenam
715 1479 900 1563 appellavit
929 1484 1068 1564 propter
1096 1477 1391 1562 propinquitatem

213 1592 372 1677 Aethrae,
402 1616 487 1678 quae
516 1616 613 1659 serva
641 1595 793 1658 Helenae
817 1593 875 1658 llii
898 1595 975 1677 luit,
1005 1594 1117 1658 allatis
1141 1593 1193 1658 his
1218 1594 1393 1680 Tryphio-

214 1709 288 1773 dori
312 1708 504 1790 (441—43.)
527 1710 696 1775 versibus:

373 1818 547 1908 παρθενίιμ
571 1820 607 1885 δὲ
630 1820 708 1909 περὶ
732 1822 878 1909 κλιντῆρι
902 1825 1052 1886 πεσοῦσα

372 1937 483 2002 κλαῖεν
506 1936 708 2025 ἐπισταμένη
732 1933 789 2002 τὸν
811 1933 864 2002 {du
886 1933 1000 2025 μόρον·
1038 1933 1157 2021 illisne
1181 1930 1281 2028 diffide

373 2050 536 2140 πατρίδος
559 2049 740 2141 αἷθομένης
764 2051 822 2116 ἐπὶ
847 2050 964 2135 τείχεσι
989 2048 1193 2140 μαρνάμενον
1216 2059 1300 2143 πῦρ.

320 2173 407 2251 Quia
441 2175 577 2256 fugerat
611 2174 717 2257 illum,
753 2173 790 2237 in
826 2175 998 2259 superiore
1034 2174 1184 2258 imagine
1214 2173 1391 2262 depictam

214 2311 286 2352 esse
322 2289 506 2372 mulierem,
542 2312 652 2374 neque
687 2294 810 2372 virum,
847 2289 889 2354 ad
917 2290 1037 2354 falsam
1066 2289 1389 2374 interpretationem

213 2426 306 2469 suam
342 2406 439 2489 quasi
467 2412 602 2470 coactus
631 2412 691 2470 est.
739 2406 1051 2488 Heydemannus
1088 2427 1221 2491 quoque
1259 2407 1305 2493 (p.
1336 2409 1388 2486 30)

212 2519 395 2604 imaginem
421 2528 500 2585 ante
523 2521 688 2607 templum
705 2522 847 2586 Veneris
872 2522 963 2585 illam
990 2522 1217 2586 aStesichoro
1240 2523 1387 2589 alienam

213 2658 286 2700 esse
310 2637 395 2700 lalso
413 2637 563 2720 putavit;
589 2659 688 2722 quam
705 2636 747 2702 ob
762 2660 844 2721 rem,
869 2659 913 2702 ne
928 2638 1029 2722 plane
1046 2637 1232 2702 Stesichori
1251 2661 1388 2704 carmen

213 2752 455 2836 neglegeretur
489 2775 509 2816 a
544 2754 722 2838 scalptore,
759 2754 925 2818 Helenam
962 2754 1051 2817 infra
1080 2754 1293 2840 exsculptam
1318 2777 1388 2821 esse

211 2867 307 2931 humi
332 2868 499 2932 iacentem
528 2869 788 2933 maestissimam
818 2877 919 2954 atque
948 2869 1102 2950 veritam,
1139 2891 1183 2933 ne
1211 2870 1386 2956 lapidibus

211 2991 397 3048 necaretur.
445 2984 549 3061 Quasi
579 3007 660 3049 vero
689 2988 779 3048 iusta
806 2985 963 3050 contione
986 2985 1103 3050 habita
1128 2983 1307 3052 decretum
1332 2988 1385 3067 sit,

135 3182 136 3185 Ἴ
212 3100 377 3164 Helenam
412 3100 582 3184 lapidibus
616 3099 805 3165 necandam
840 3123 924 3184 esse,
964 3123 1074 3186 neque
1108 3101 1234 3184 vulgus
1276 3104 1386 3188 primo

212 3216 362 3280 mulieris
387 3216 535 3300 perfidae
559 3217 722 3302 adspectu
745 3217 874 3301 lapides
892 3217 1092 3302 corripuerit
1108 3217 1251 3282 ultionis
1269 3220 1385 3284 causa!

212 3330 280 3396 Suo
296 3331 368 3396 iure
385 3331 552 3396 lahnius
565 3335 670 3417 tp.34‚
685 3331 837 3412 notans)
854 3355 986 3418 quoque
1002 3333 1123 3398 miram
1139 3332 1226 3398 hano
1244 3335 1385 3421 Heyde·

210 3447 328 3510 manni
344 3447 539 3532 opinionem
556 3447 739 3533 redarguit.
779 3449 922 3512 Minime
938 3449 1073 3514 tabulae
1090 3448 1179 3514 hanc
1195 3449 1383 3535 imaginem

210 3569 360 3627 nostram
385 3562 576 3627 Stesichoro
601 3563 763 3647 derogare
786 3564 876 3639 licet,
901 3586 967 3648 qua
990 3565 1142 3628 Helenae
1166 3565 1384 3653 Menelaique

212 3701 410 3763 congressus
439 3679 632 3762 exsculptus
661 3685 721 3759 est,
758 3679 957 3764 praesertim
987 3703 1062 3744 cum
1086 3681 1230 3746 Homeri
1256 3683 1384 3749 iamin

212 3794 364 3880 Odyssea
376 3794 484 3877 (VIII,
499 3792 589 3875 517.)
605 3801 769 3876 narretur,
788 3795 907 3859 Troiae
922 3797 958 3859 in
976 3796 1229 3881 expugnatione
1246 3798 1384 3866 Ulixem

211 3918 245 3974 et
268 3910 460 3975 Menelaum
496 3909 612 3973 statim
641 3911 811 3996 Deiphobi
846 3912 1024 3976 festinasse
1059 3912 1101 3976 ad
1137 3911 1288 3998 domum,
1328 3915 1384 4001 qui

209 4028 331 4092 Paride
371 4034 502 4090 mortuo
542 4027 707 4091 Helenam
747 4028 888 4091 duxerat
922 4047 1070 4092 uxorem.
1129 4027 1186 4092 An
1224 4052 1309 4096 vero
1349 4040 1384 4096 tu

209 4151 319 4229 putas,
347 4142 539 4207 Menelaum
564 4143 599 4206 in
625 4143 755 4208 excidio
779 4144 901 4208 Troiae
925 4145 1093 4208 Helenam
1116 4165 1258 4209 uxorem
1282 4149 1385 4232 plane

209 4259 421 4342 neglexisse?
