2872 4912
606 240 824 304 ...58-

136 419 314 504 coniugem
340 419 446 482 fuisse
469 417 578 482 filium
602 417 771 501 Apollinis
789 418 1000 482 Stesichorus
1024 416 1167 482 tradidit
1184 417 1304 480 Taetza

134 530 277 614 testula:
317 527 514 618 Σῑησίχορος
553 525 612 616 γὰρ
650 528 706 594 καὶ
741 524 912 617 Εὐφορίων
951 528 1007 594 καὶ
1040 523 1254 616 Ἀλέξανδρος
1287 521 1303 592 d

134 642 291 723 Αἰτωλὸς
326 640 471 733 ποιητής
503 667 586 733 φασι
626 641 683 710 τὸν
703 638 843 732 Ἕκτορα
878 642 948 710 uidv
976 638 1058 710 εἶναι
1081 638 1303 721 Ἀπόλλωνος,

134 766 397 832 Andromachen
432 773 544 829 autem
579 766 668 829 inter
703 766 840 830 caedem
875 767 1036 849 aufugere
1065 765 1106 828 ad
1141 765 1303 850 templum

133 882 304 966 Apollinis
328 881 436 946 soceri
459 878 557 945 facile
581 888 633 944 est
656 881 842 945 intellectu.

240 998 351 1062 Aliter
382 1019 454 1060 rem
487 997 647 1061 tractavit
681 997 871 1082 Euripides,
909 1019 1010 1081 quem
1046 1019 1122 1062 cum
1157 997 1235 1061 aliis
1270 996 1303 1060 in

132 1114 232 1179 rebus
283 1122 354 1178 tum
405 1113 441 1177 in
489 1112 644 1178 Troianis
691 1112 878 1178 Stesichori
928 1114 1087 1197 carmina,
1139 1121 1303 1198 quantum

133 1229 269 1314 quidem
297 1229 371 1293 fiori
398 1229 516 1314 potuit,
553 1236 704 1293 secutum
741 1251 813 1292 esse
847 1224 1031 1310 constat99).
1082 1230 1169 1293 Nam
1199 1236 1235 1292 et
1269 1229 1302 1292 in

133 1345 273 1409 Hecuba
305 1344 484 1426 (915—18)
524 1354 558 1410 et
592 1345 628 1408 in
664 1345 852 1410 Troadibus
891 1347 969 1420 (553
998 1345 1085 1430 sqq.)
1119 1345 1303 1429 Euripides

132 1461 290 1525 mulieres
314 1461 476 1526 Troianas
493 1459 646 1525 hostibus
663 1461 938 1546 inrumpentibus
954 1462 996 1525 ad
1013 1461 1143 1526 Dianae
1164 1461 1303 1545 signum

133 1577 324 1661 confugisse
355 1577 515 1660 narravit,
546 1576 636 1640 unde
660 1577 763 1641 etiam
786 1576 1048 1641 Andromachen
1077 1600 1153 1642 cum
1177 1578 1302 1662 Astya-

131 1699 229 1757 nacte
253 1692 363 1779 abripi
386 1699 634 1779 conspexerunt
657 1716 676 1757 a
696 1693 918 1778 Neoptolemo
935 1693 1069 1774 (Troad.
1083 1693 1171 1772 569).
1213 1692 1303 1770 Quid

131 1810 233 1893 ergo?
279 1809 451 1895 Apollinis
475 1831 519 1873 an
543 1809 674 1873 Dianae
698 1809 862 1893 templum
892 1809 927 1872 in
952 1808 1066 1873 tabula
1090 1810 1303 1894 exsculptum

130 1947 202 1990 esse
226 1927 365 1996 censes?
409 1925 594 2010 Apollini
620 1925 772 1988 Dianae
789 1925 1050 2009 Latonaeque
1073 1926 1175 1990 matri
1200 1949 1303 1990 com·

131 2064 246 2105 mune
274 2041 484 2106 delubrum
513 2042 549 2104 iu
573 2064 648 2105 arce
672 2041 792 2105 Troiae
817 2042 983 2125 Pergamo
1007 2043 1112 2106 fuisse
1137 2043 1303 2107 concludo

131 2179 172 2221 ex
203 2158 320 2222 iliadis
358 2157 443 2222 libro
480 2157 599 2243 quinto
635 2157 824 2240 (rao—48),
861 2157 920 2222 ubi
955 2158 1086 2222 Latona
1121 2167 1156 2222 et
1192 2158 1304 2223 Diana

131 2273 266 2338 Aeneae
300 2273 342 2337 ab
377 2274 536 2359 Apolline
572 2280 705 2339 servato
741 2280 775 2336 et
810 2273 963 2360 deposito
993 2275 1176 2338 consulunt
1200 2282 1302 2360 atque

130 2389 315 2455 medentur.
363 2389 492 2466 Quidni
516 2389 633 2454 eodem
657 2389 755 2454 modo
777 2389 990 2454 Stesichorus
1014 2390 1106 2473 egit?
1130 2391 1222 2455 Nam
1247 2391 1302 2454 de·

130 2505 225 2570 lubra
248 2505 339 2588 talia,
363 2505 527 2591 Apollini,
552 2506 692 2588 Dianae,
718 2507 869 2569 Latonae
894 2506 1085 2570 communia
1101 2507 1302 2591 saepissime

131 2618 499 2701 commemorantur100).

237 2737 434 2802 Sententiae
462 2760 565 2819 meae,
600 2736 904 2802 Andromachen
940 2737 1003 2802 hoc
1037 2737 1111 2802 loco
1145 2761 1222 2802 esse
1247 2762 1301 2803 ex-

129 2853 305 2938 sculptam,
340 2854 559 2940 probabilitas
583 2860 726 2938 augetur
762 2854 864 2918 etiam
901 2877 939 2918 ea
974 2877 1019 2938 re,
1059 2855 1159 2938 quod,
1200 2855 1302 2920 sicuti

124 2992 231 3055 supra
258 2969 489 3035 demonstrare
522 2971 626 3056 coepi,
662 2970 813 3034 mulieris
848 2970 947 3034 lateri
981 2969 1143 3035 adhaeret
1175 2971 1301 3054 infans

129 3087 338 3170 Astyanax
361 3086 490 3150 scilicet
517 3087 651 3151 filiolus,
705 3087 795 3163 Quas
829 3086 972 3150 infantis
1007 3088 1113 3150 lineas
1148 3109 1220 3152 non
1255 3089 1303 3152 ita

128 3202 323 3288 perspicuas
340 3202 534 3267 Fabrettius
558 3203 643 3267 falso
667 3203 709 3266 ad
733 3203 885 3266 mulieris
910 3201 1104 3267 bracchium
1127 3205 1302 3288 pertinere

130 3318 287 3400 coniecit;
317 3318 402 3383 hanc
426 3317 520 3382 humi
545 3319 717 3384 sedentem
742 3319 899 3417 depinxit
922 3319 979 3383 ille
1004 3319 1061 3402 ita,
1097 3325 1179 3382 uta
1205 3327 1302 3406 tergo

129 3456 201 3497 eam
226 3434 415 3516 videamus,
440 3436 537 3500 miles
560 3436 719 3500 loricatus
744 3435 988 3520 chlamydeque
1011 3435 1157 3499 vestitus
1181 3443 1303 3520 guttur

128 3549 279 3613 mulieris
304 3551 440 3614 sinistra
456 3553 637 3638 capessivit
653 3553 722 3616 sica
739 3553 950 3634 iugulaturus
968 3573 1051 3632 eam,
1078 3572 1163 3635 quae
1181 3552 1303 3618 dextra

235 3824 280 3891 98)
298 3824 386 3877 Tzetn
401 3823 436 3877 ad
455 3824 591 3892 Lycophr.
611 3823 773 3887 Α16Χ.“21)’6;
794 3824 828 3876 cf.
852 3823 935 3876 schol.
955 3823 1041 3878 Hom.
1061 3822 1094 3874 11.
1115 3823 1172 3888 Ill,
1196 3827 1258 3891 114,
1278 3832 1302 3880 et

127 3912 254 3966 Eustath.
278 3913 360 3966 schol.
380 3913 423 3966 ad.
444 3913 476 3965 11.
496 3913 566 3978 XII,
594 3913 655 3977 ⁵258,
683 3931 709 3982 p.
731 3915 806 3965 1348.
836 3944 869 3950 -
898 3915 942 3975 911)
962 3912 1172 3964 Maximilianus
1195 3915 1302 3984 Meyer,

127 4002 161 4055 dc
178 4002 317 4072 Euripidis
335 4002 511 4071 mythopoeia
528 4003 619 4071 capita
637 4002 700 4066 (luo,
719 4002 782 4054 diss.
803 4002 890 4055 Borol.
913 4003 989 4066 1884,
1009 4020 1034 4070 p.
1049 4002 1083 4055 58
1096 4006 1123 4054 ct
1138 4005 1185 4055 51:
1217 4005 1302 4069 „Iliu-

127 4092 239 4161 persidis
268 4092 453 4146 Stesichorcae
483 4092 633 4144 certissima
663 4092 690 4143 in
720 4090 872 4144 Troadibus
904 4091 1056 4144 deteximus
1087 4092 1229 4161 vestigia.“
1271 4128 1301 4134 --

129 4182 189 4249 100)
212 4182 246 4234 cf.
266 4181 375 4246 Preller‚
406 4181 577 4253 mythologie
605 4199 644 4250 gr.
667 4182 743 4246 1891,
770 4181 792 4245 I,
812 4199 838 4250 p.
858 4182 910 4236 233
930 4181 1003 4249 (¹190)
1023 4198 1044 4234 c.
1065 4185 1122 4233 not.
1142 4183 1172 4246 43
1202 4201 1230 4253 p.
1252 4186 1303 4246 298

127 4271 199 4339 (238)
218 4288 240 4323 c.
259 4276 316 4325 not.
337 4273 361 4325 3.
