<?xml version="1.0" encoding="UTF-8"?>
<!DOCTYPE html PUBLIC "-//W3C//DTD XHTML 1.0 Transitional//EN"
    "http://www.w3.org/TR/xhtml1/DTD/xhtml1-transitional.dtd">
<html xmlns="http://www.w3.org/1999/xhtml" xml:lang="en" lang="en">
 <head>
  <title>
</title>
<meta http-equiv="Content-Type" content="text/html;charset=utf-8" />
  <meta name='ocr-system' content='tesseract 3.04.00' />
  <meta name='ocr-capabilities' content='ocr_page ocr_carea ocr_par ocr_line ocrx_word'/>
</head>
<body>
  <div class='ocr_page' id='page_1' title='image "./detabulailiacaq00paulgoog_0099.png"; bbox 0 0 2872 4912; ppageno 0'>
   <div class='ocr_carea' id='block_1_1' title="bbox 609 255 827 317">
    <p class='ocr_par' dir='ltr' id='par_1_1' title="bbox 609 255 827 317">
     <span class='ocr_line' id='line_1_1' title="bbox 609 255 827 317; baseline 0.014 -22"><span class='ocrx_word' id='word_1_1' title='bbox 609 255 827 317; x_wconf 71' lang='lat'>-90-</span> 
     </span>
    </p>
   </div>
   <div class='ocr_carea' id='block_1_2' title="bbox 128 428 1304 609">
    <p class='ocr_par' dir='ltr' id='par_1_2' title="bbox 128 428 1304 609">
     <span class='ocr_line' id='line_1_2' title="bbox 128 428 1304 516; baseline -0.002 -22"><span class='ocrx_word' id='word_1_2' title='bbox 128 432 269 515; x_wconf 87' lang='lat' dir='ltr'>negavit</span> <span class='ocrx_word' id='word_1_3' title='bbox 314 430 492 516; x_wconf 85' lang='lat' dir='ltr'>Lysander</span> <span class='ocrx_word' id='word_1_4' title='bbox 538 428 786 509; x_wconf 82' lang='lat' dir='ltr'>Konstas.²⁰¹)</span> <span class='ocrx_word' id='word_1_5' title='bbox 845 432 1118 496; x_wconf 89' lang='lat' dir='ltr'>Recentissimae</span> <span class='ocrx_word' id='word_1_6' title='bbox 1168 430 1304 494; x_wconf 83' lang='lat' dir='ltr'>Rizzii</span> 
     </span>
     <span class='ocr_line' id='line_1_3' title="bbox 607 542 663 609; baseline 0.018 -29"><span class='ocrx_word' id='word_1_7' title='bbox 607 542 663 609; x_wconf 66' lang='grc'><strong>’21121</strong></span> 
     </span>
    </p>
   </div>
   <div class='ocr_carea' id='block_1_3' title="bbox 651 613 658 628">
    <p class='ocr_par' dir='ltr' id='par_1_3' title="bbox 651 613 658 628">
     <span class='ocr_line' id='line_1_4' title="bbox 651 613 658 628; baseline 0 0"><span class='ocrx_word' id='word_1_8' title='bbox 651 613 658 628; x_wconf 83' lang='grc' dir='ltr'><em>Ι</em></span> 
     </span>
    </p>
   </div>
   <div class='ocr_carea' id='block_1_4' title="bbox 129 546 1202 633">
    <p class='ocr_par' dir='ltr' id='par_1_4' title="bbox 129 546 1202 633">
     <span class='ocr_line' id='line_1_5' title="bbox 129 546 1202 633; baseline -0.001 -23"><span class='ocrx_word' id='word_1_9' title='bbox 129 549 344 631; x_wconf 76' lang='lat' dir='ltr'>quaestiones</span> <span class='ocrx_word' id='word_1_10' title='bbox 368 546 601 611; x_wconf 85' lang='lat' dir='ltr'>Stesichoreae</span> <span class='ocrx_word' id='word_1_11' title='bbox 687 548 771 612; x_wconf 88' lang='lat' dir='ltr'>mihi</span> <span class='ocrx_word' id='word_1_12' title='bbox 795 557 930 633; x_wconf 88' lang='lat' dir='ltr'>praesto</span> <span class='ocrx_word' id='word_1_13' title='bbox 954 570 1021 612; x_wconf 90' lang='lat' dir='ltr'>non</span> <span class='ocrx_word' id='word_1_14' title='bbox 1045 548 1202 611; x_wconf 82' lang='lat' dir='ltr'>fuerunt.</span> 
     </span>
    </p>
   </div>
   <div class='ocr_carea' id='block_1_5' title="bbox 128 742 1302 1293">
    <p class='ocr_par' dir='ltr' id='par_1_5' title="bbox 128 742 1301 1178">
     <span class='ocr_line' id='line_1_6' title="bbox 235 742 1301 829; baseline -0.002 -22"><span class='ocrx_word' id='word_1_15' title='bbox 235 743 362 807; x_wconf 82' lang='lat' dir='ltr'>Eorum</span> <span class='ocrx_word' id='word_1_16' title='bbox 385 766 476 807; x_wconf 87' lang='lat' dir='ltr'>nunc</span> <span class='ocrx_word' id='word_1_17' title='bbox 492 742 617 808; x_wconf 87' lang='lat' dir='ltr'>iudicia</span> <span class='ocrx_word' id='word_1_18' title='bbox 633 743 834 829; x_wconf 77' lang='lat' dir='ltr'>redarguere</span> <span class='ocrx_word' id='word_1_19' title='bbox 851 744 1005 827; x_wconf 88' lang='lat' dir='ltr'>conabor,</span> <span class='ocrx_word' id='word_1_20' title='bbox 1029 743 1088 828; x_wconf 91' lang='lat' dir='ltr'>qui</span> <span class='ocrx_word' id='word_1_21' title='bbox 1111 743 1301 807; x_wconf 87' lang='lat' dir='ltr'>reiecerunt</span> 
     </span>
     <span class='ocr_line' id='line_1_7' title="bbox 128 858 1301 943; baseline -0.002 -20"><span class='ocrx_word' id='word_1_22' title='bbox 128 860 263 923; x_wconf 91' lang='lat' dir='ltr'>tabulae</span> <span class='ocrx_word' id='word_1_23' title='bbox 286 868 420 923; x_wconf 90' lang='lat' dir='ltr'>nostrae</span> <span class='ocrx_word' id='word_1_24' title='bbox 443 859 566 923; x_wconf 88' lang='lat' dir='ltr'>Iliacae</span> <span class='ocrx_word' id='word_1_25' title='bbox 590 862 826 925; x_wconf 89' lang='lat' dir='ltr'>auctoritatem</span> <span class='ocrx_word' id='word_1_26' title='bbox 852 868 889 924; x_wconf 91' lang='lat' dir='ltr'>ut</span> <span class='ocrx_word' id='word_1_27' title='bbox 923 860 1035 924; x_wconf 91' lang='lat' dir='ltr'>minus</span> <span class='ocrx_word' id='word_1_28' title='bbox 1073 858 1163 923; x_wconf 90' lang='lat' dir='ltr'>fidae</span> <span class='ocrx_word' id='word_1_29' title='bbox 1205 867 1301 943; x_wconf 90' lang='lat' dir='ltr'>atque</span> 
     </span>
     <span class='ocr_line' id='line_1_8' title="bbox 129 975 1301 1062; baseline -0.002 -23"><span class='ocrx_word' id='word_1_30' title='bbox 129 976 329 1056; x_wconf 74' lang='lat' dir='ltr'>incertioris,</span> <span class='ocrx_word' id='word_1_31' title='bbox 365 997 464 1060; x_wconf 90' lang='lat' dir='ltr'>quam</span> <span class='ocrx_word' id='word_1_32' title='bbox 495 999 512 1039; x_wconf 92' lang='lat' dir='ltr'>e</span> <span class='ocrx_word' id='word_1_33' title='bbox 537 999 603 1061; x_wconf 90' lang='lat' dir='ltr'>qua</span> <span class='ocrx_word' id='word_1_34' title='bbox 626 977 813 1041; x_wconf 75' lang='lat' dir='ltr'>Stesichori</span> <span class='ocrx_word' id='word_1_35' title='bbox 835 977 1010 1062; x_wconf 90' lang='lat' dir='ltr'>Iliupersis</span> <span class='ocrx_word' id='word_1_36' title='bbox 1034 975 1224 1040; x_wconf 87' lang='lat' dir='ltr'>restaurari</span> <span class='ocrx_word' id='word_1_37' title='bbox 1247 983 1301 1038; x_wconf 90' lang='lat' dir='ltr'>aut</span> 
     </span>
     <span class='ocr_line' id='line_1_9' title="bbox 128 1093 433 1178; baseline 0.003 -23"><span class='ocrx_word' id='word_1_38' title='bbox 128 1093 288 1178; x_wconf 88' lang='lat' dir='ltr'>compleri</span> <span class='ocrx_word' id='word_1_39' title='bbox 312 1099 433 1177; x_wconf 90' lang='lat' dir='ltr'>posset.</span> 
     </span>
    </p>

    <p class='ocr_par' dir='ltr' id='par_1_6' title="bbox 235 1207 1302 1293">
     <span class='ocr_line' id='line_1_10' title="bbox 235 1207 1302 1293; baseline -0.003 -20"><span class='ocrx_word' id='word_1_40' title='bbox 235 1209 347 1293; x_wconf 85' lang='lat' dir='ltr'>Atque</span> <span class='ocrx_word' id='word_1_41' title='bbox 371 1210 499 1293; x_wconf 90' lang='lat' dir='ltr'>primus</span> <span class='ocrx_word' id='word_1_42' title='bbox 523 1208 661 1293; x_wconf 92' lang='lat' dir='ltr'>quidem</span> <span class='ocrx_word' id='word_1_43' title='bbox 685 1209 871 1292; x_wconf 85' lang='lat' dir='ltr'>Seeliger</span> <span class='ocrx_word' id='word_1_44' title='bbox 898 1208 1033 1273; x_wconf 88' lang='lat' dir='ltr'>tabulae</span> <span class='ocrx_word' id='word_1_45' title='bbox 1061 1207 1148 1271; x_wconf 86' lang='lat' dir='ltr'>fidei</span> <span class='ocrx_word' id='word_1_46' title='bbox 1173 1207 1302 1272; x_wconf 90' lang='lat' dir='ltr'>obtrec-</span> 
     </span>
    </p>
   </div>
   <div class='ocr_carea' id='block_1_6' title="bbox 128 1308 1303 1410">
    <p class='ocr_par' dir='ltr' id='par_1_7' title="bbox 128 1308 1303 1410">
     <span class='ocr_line' id='line_1_11' title="bbox 128 1308 1303 1410; baseline -0.005 -22"><span class='ocrx_word' id='word_1_47' title='bbox 128 1325 225 1404; x_wconf 89' lang='lat' dir='ltr'>tavit‚</span> <span class='ocrx_word' id='word_1_48' title='bbox 256 1329 314 1410; x_wconf 91' lang='lat' dir='ltr'>qui</span> <span class='ocrx_word' id='word_1_49' title='bbox 344 1347 547 1409; x_wconf 90' lang='lat' dir='ltr'>quamquam</span> <span class='ocrx_word' id='word_1_50' title='bbox 575 1325 751 1406; x_wconf 86' lang='lat' dir='ltr'>concessit,</span> <span class='ocrx_word' id='word_1_51' title='bbox 789 1332 904 1390; x_wconf 85' lang='lat' dir='ltr'>notam</span> <span class='ocrx_word' id='word_1_52' title='bbox 939 1325 1032 1389; x_wconf 90' lang='lat' dir='ltr'>illam</span> <span class='ocrx_word' id='word_1_53' title='bbox 1057 1312 1155 1384; x_wconf 74' lang='grc' dir='ltr'><em>Ἰλίου</em></span> <span class='ocrx_word' id='word_1_54' title='bbox 1187 1308 1303 1404; x_wconf 58' lang='grc'><strong>11111111·</strong></span> 
     </span>
    </p>
   </div>
   <div class='ocr_carea' id='block_1_7' title="bbox 126 1432 1307 3729">
    <p class='ocr_par' dir='ltr' id='par_1_8' title="bbox 126 1432 1307 3729">
     <span class='ocr_line' id='line_1_12' title="bbox 127 1432 1304 1526; baseline 0.002 -26"><span class='ocrx_word' id='word_1_55' title='bbox 127 1432 211 1500; x_wconf 77' lang='grc' dir='ltr'>κατὰ</span> <span class='ocrx_word' id='word_1_56' title='bbox 247 1433 444 1525; x_wconf 75' lang='grc' dir='ltr'><em>Στησίχορον</em></span> <span class='ocrx_word' id='word_1_57' title='bbox 474 1462 542 1504; x_wconf 87' lang='lat' dir='ltr'>non</span> <span class='ocrx_word' id='word_1_58' title='bbox 570 1441 644 1504; x_wconf 91' lang='lat' dir='ltr'>sine</span> <span class='ocrx_word' id='word_1_59' title='bbox 672 1463 765 1505; x_wconf 90' lang='lat' dir='ltr'>mora</span> <span class='ocrx_word' id='word_1_60' title='bbox 793 1441 976 1526; x_wconf 88' lang='lat' dir='ltr'>praeterire</span> <span class='ocrx_word' id='word_1_61' title='bbox 1004 1440 1116 1521; x_wconf 90' lang='lat' dir='ltr'>licere,</span> <span class='ocrx_word' id='word_1_62' title='bbox 1160 1440 1304 1523; x_wconf 89' lang='lat' dir='ltr'>negavit</span> 
     </span>
     <span class='ocr_line' id='line_1_13' title="bbox 127 1555 1304 1642; baseline -0.001 -22"><span class='ocrx_word' id='word_1_63' title='bbox 127 1564 252 1639; x_wconf 90' lang='lat' dir='ltr'>tamen,</span> <span class='ocrx_word' id='word_1_64' title='bbox 276 1556 351 1621; x_wconf 88' lang='lat' dir='ltr'>fieri</span> <span class='ocrx_word' id='word_1_65' title='bbox 374 1579 482 1642; x_wconf 86' lang='lat' dir='ltr'>posse,</span> <span class='ocrx_word' id='word_1_66' title='bbox 511 1564 549 1621; x_wconf 92' lang='lat' dir='ltr'>ut</span> <span class='ocrx_word' id='word_1_67' title='bbox 573 1558 738 1641; x_wconf 86' lang='lat' dir='ltr'>imagines</span> <span class='ocrx_word' id='word_1_68' title='bbox 762 1559 948 1642; x_wconf 82' lang='lat' dir='ltr'>perfectam</span> <span class='ocrx_word' id='word_1_69' title='bbox 979 1565 1014 1621; x_wconf 92' lang='lat' dir='ltr'>et</span> <span class='ocrx_word' id='word_1_70' title='bbox 1037 1555 1231 1620; x_wconf 84' lang='lat' dir='ltr'>absolutam</span> <span class='ocrx_word' id='word_1_71' title='bbox 1256 1578 1304 1619; x_wconf 85' lang='lat' dir='ltr'>ar·</span> 
     </span>
     <span class='ocr_line' id='line_1_14' title="bbox 127 1671 1305 1758; baseline -0.001 -22"><span class='ocrx_word' id='word_1_72' title='bbox 127 1674 394 1758; x_wconf 89' lang='lat' dir='ltr'>gumentationis</span> <span class='ocrx_word' id='word_1_73' title='bbox 418 1673 488 1738; x_wconf 87' lang='lat' dir='ltr'>vim</span> <span class='ocrx_word' id='word_1_74' title='bbox 506 1674 729 1757; x_wconf 83' lang='lat' dir='ltr'>continerent,</span> <span class='ocrx_word' id='word_1_75' title='bbox 755 1673 790 1737; x_wconf 91' lang='lat' dir='ltr'>id</span> <span class='ocrx_word' id='word_1_76' title='bbox 815 1672 905 1758; x_wconf 92' lang='lat' dir='ltr'>quod</span> <span class='ocrx_word' id='word_1_77' title='bbox 929 1672 1050 1736; x_wconf 90' lang='lat' dir='ltr'>ceteris</span> <span class='ocrx_word' id='word_1_78' title='bbox 1074 1671 1198 1756; x_wconf 85' lang='lat' dir='ltr'>ectypi</span> <span class='ocrx_word' id='word_1_79' title='bbox 1223 1673 1305 1735; x_wconf 90' lang='lat' dir='ltr'>ima-</span> 
     </span>
     <span class='ocr_line' id='line_1_15' title="bbox 126 1789 1307 1874; baseline 0 -22"><span class='ocrx_word' id='word_1_80' title='bbox 126 1789 264 1872; x_wconf 90' lang='lat' dir='ltr'>ginibus</span> <span class='ocrx_word' id='word_1_81' title='bbox 288 1789 513 1873; x_wconf 90' lang='lat' dir='ltr'>comprobari:</span> <span class='ocrx_word' id='word_1_82' title='bbox 537 1812 666 1874; x_wconf 91' lang='lat' dir='ltr'>neque</span> <span class='ocrx_word' id='word_1_83' title='bbox 691 1791 904 1854; x_wconf 88' lang='lat' dir='ltr'>Homerum</span> <span class='ocrx_word' id='word_1_84' title='bbox 928 1790 1168 1874; x_wconf 88' lang='lat' dir='ltr'>cyclumque</span> <span class='ocrx_word' id='word_1_85' title='bbox 1194 1810 1307 1852; x_wconf 87' lang='lat' dir='ltr'>accu-</span> 
     </span>
     <span class='ocr_line' id='line_1_16' title="bbox 129 1903 1307 1992; baseline -0.001 -24"><span class='ocrx_word' id='word_1_86' title='bbox 129 1912 216 1968; x_wconf 91' lang='lat' dir='ltr'>rate</span> <span class='ocrx_word' id='word_1_87' title='bbox 240 1914 309 1970; x_wconf 90' lang='lat' dir='ltr'>aut</span> <span class='ocrx_word' id='word_1_88' title='bbox 333 1906 557 1989; x_wconf 86' lang='lat' dir='ltr'>diligenter</span> <span class='ocrx_word' id='word_1_89' title='bbox 579 1913 908 1992; x_wconf 88' lang='lat' dir='ltr'>repraesentatos</span> <span class='ocrx_word' id='word_1_90' title='bbox 932 1928 1031 1987; x_wconf 91' lang='lat' dir='ltr'>esse,</span> <span class='ocrx_word' id='word_1_91' title='bbox 1057 1914 1096 1968; x_wconf 91' lang='lat' dir='ltr'>et</span> <span class='ocrx_word' id='word_1_92' title='bbox 1112 1905 1154 1967; x_wconf 90' lang='lat' dir='ltr'>in</span> <span class='ocrx_word' id='word_1_93' title='bbox 1174 1903 1307 1968; x_wconf 89' lang='lat' dir='ltr'>media</span> 
     </span>
     <span class='ocr_line' id='line_1_17' title="bbox 128 2021 1305 2106; baseline -0.001 -22"><span class='ocrx_word' id='word_1_94' title='bbox 128 2022 303 2104; x_wconf 86' lang='lat' dir='ltr'>imagine</span> <span class='ocrx_word' id='word_1_95' title='bbox 328 2023 552 2106; x_wconf 86' lang='lat' dir='ltr'>complures</span> <span class='ocrx_word' id='word_1_96' title='bbox 576 2022 733 2105; x_wconf 77' lang='lat' dir='ltr'>figuras</span> <span class='ocrx_word' id='word_1_97' title='bbox 758 2022 1161 2106; x_wconf 88' lang='lat' dir='ltr'>compositionesque</span> <span class='ocrx_word' id='word_1_98' title='bbox 1189 2043 1235 2084; x_wconf 89' lang='lat' dir='ltr'>ea</span> <span class='ocrx_word' id='word_1_99' title='bbox 1260 2021 1305 2083; x_wconf 89' lang='lat' dir='ltr'>de</span> 
     </span>
     <span class='ocr_line' id='line_1_18' title="bbox 127 2137 1304 2223; baseline -0.002 -22"><span class='ocrx_word' id='word_1_100' title='bbox 127 2160 246 2201; x_wconf 89' lang='lat' dir='ltr'>causa</span> <span class='ocrx_word' id='word_1_101' title='bbox 270 2139 354 2202; x_wconf 86' lang='lat' dir='ltr'>sola</span> <span class='ocrx_word' id='word_1_102' title='bbox 378 2139 608 2223; x_wconf 77' lang='lat' dir='ltr'>exsculptus</span> <span class='ocrx_word' id='word_1_103' title='bbox 632 2161 729 2217; x_wconf 88' lang='lat' dir='ltr'>esse,</span> <span class='ocrx_word' id='word_1_104' title='bbox 758 2147 802 2202; x_wconf 92' lang='lat' dir='ltr'>ut</span> <span class='ocrx_word' id='word_1_105' title='bbox 830 2137 923 2202; x_wconf 91' lang='lat' dir='ltr'>aliis</span> <span class='ocrx_word' id='word_1_106' title='bbox 951 2137 1122 2201; x_wconf 87' lang='lat' dir='ltr'>tabulae</span> <span class='ocrx_word' id='word_1_107' title='bbox 1149 2137 1304 2219; x_wconf 85' lang='lat' dir='ltr'>figuris</span> 
     </span>
     <span class='ocr_line' id='line_1_19' title="bbox 127 2253 1303 2338; baseline -0.001 -22"><span class='ocrx_word' id='word_1_108' title='bbox 127 2254 429 2338; x_wconf 86' lang='lat' dir='ltr'>responderent.</span> <span class='ocrx_word' id='word_1_109' title='bbox 481 2254 537 2319; x_wconf 82' lang='lat' dir='ltr'>Sic</span> <span class='ocrx_word' id='word_1_110' title='bbox 566 2255 742 2318; x_wconf 89' lang='lat' dir='ltr'>mulierem</span> <span class='ocrx_word' id='word_1_111' title='bbox 770 2254 863 2318; x_wconf 87' lang='lat' dir='ltr'>illam</span> <span class='ocrx_word' id='word_1_112' title='bbox 892 2277 912 2317; x_wconf 91' lang='lat' dir='ltr'>a</span> <span class='ocrx_word' id='word_1_113' title='bbox 938 2254 1035 2318; x_wconf 83' lang='lat' dir='ltr'>laeva</span> <span class='ocrx_word' id='word_1_114' title='bbox 1062 2253 1181 2336; x_wconf 87' lang='lat' dir='ltr'>regiae</span> <span class='ocrx_word' id='word_1_115' title='bbox 1212 2253 1303 2316; x_wconf 91' lang='lat' dir='ltr'>aulae</span> 
     </span>
     <span class='ocr_line' id='line_1_20' title="bbox 127 2371 1301 2456; baseline -0.001 -24"><span class='ocrx_word' id='word_1_116' title='bbox 127 2376 224 2454; x_wconf 88' lang='lat' dir='ltr'>parte</span> <span class='ocrx_word' id='word_1_117' title='bbox 252 2393 271 2433; x_wconf 89' lang='lat' dir='ltr'>a</span> <span class='ocrx_word' id='word_1_118' title='bbox 298 2371 407 2434; x_wconf 92' lang='lat' dir='ltr'>milite</span> <span class='ocrx_word' id='word_1_119' title='bbox 436 2371 476 2434; x_wconf 92' lang='lat' dir='ltr'>de</span> <span class='ocrx_word' id='word_1_120' title='bbox 505 2372 632 2456; x_wconf 90' lang='lat' dir='ltr'>templo</span> <span class='ocrx_word' id='word_1_121' title='bbox 661 2372 829 2435; x_wconf 88' lang='lat' dir='ltr'>revulsam</span> <span class='ocrx_word' id='word_1_122' title='bbox 854 2391 1045 2456; x_wconf 88' lang='lat' dir='ltr'>comparem</span> <span class='ocrx_word' id='word_1_123' title='bbox 1070 2390 1143 2432; x_wconf 86' lang='lat' dir='ltr'>esse</span> <span class='ocrx_word' id='word_1_124' title='bbox 1169 2377 1301 2433; x_wconf 87' lang='lat' dir='ltr'>tantum</span> 
     </span>
     <span class='ocr_line' id='line_1_21' title="bbox 127 2481 1299 2572; baseline -0.003 -22"><span class='ocrx_word' id='word_1_125' title='bbox 127 2486 281 2550; x_wconf 90' lang='lat' dir='ltr'>Menelao</span> <span class='ocrx_word' id='word_1_126' title='bbox 310 2494 344 2549; x_wconf 90' lang='lat' dir='ltr'>et</span> <span class='ocrx_word' id='word_1_127' title='bbox 367 2488 518 2551; x_wconf 91' lang='lat' dir='ltr'>Henelae</span> <span class='ocrx_word' id='word_1_128' title='bbox 546 2488 652 2572; x_wconf 89' lang='lat' dir='ltr'>partis</span> <span class='ocrx_word' id='word_1_129' title='bbox 681 2488 819 2551; x_wconf 87' lang='lat' dir='ltr'>dextrae</span> <span class='ocrx_word' id='word_1_130' title='bbox 847 2488 891 2572; x_wconf 87' lang='lat' dir='ltr'>(p.</span> <span class='ocrx_word' id='word_1_131' title='bbox 922 2488 987 2563; x_wconf 76' lang='lat'><strong>32).</strong></span> <span class='ocrx_word' id='word_1_132' title='bbox 1039 2485 1103 2548; x_wconf 90' lang='lat' dir='ltr'>His</span> <span class='ocrx_word' id='word_1_133' title='bbox 1133 2481 1299 2568; x_wconf 84' lang='lat' dir='ltr'>Seeligeri</span> 
     </span>
     <span class='ocr_line' id='line_1_22' title="bbox 127 2600 1298 2688; baseline 0 -24"><span class='ocrx_word' id='word_1_134' title='bbox 127 2602 280 2687; x_wconf 86' lang='lat' dir='ltr'>partibus</span> <span class='ocrx_word' id='word_1_135' title='bbox 309 2603 488 2668; x_wconf 87' lang='lat' dir='ltr'>Konstas</span> <span class='ocrx_word' id='word_1_136' title='bbox 517 2605 559 2688; x_wconf 90' lang='lat' dir='ltr'>(p.</span> <span class='ocrx_word' id='word_1_137' title='bbox 591 2604 643 2682; x_wconf 77' lang='lat'>15)</span> <span class='ocrx_word' id='word_1_138' title='bbox 673 2610 707 2666; x_wconf 90' lang='lat' dir='ltr'>et</span> <span class='ocrx_word' id='word_1_139' title='bbox 735 2602 952 2668; x_wconf 85' lang='lat' dir='ltr'>Schreiher</span> <span class='ocrx_word' id='word_1_140' title='bbox 980 2605 1023 2687; x_wconf 84' lang='lat' dir='ltr'>(p.</span> <span class='ocrx_word' id='word_1_141' title='bbox 1053 2601 1133 2681; x_wconf 82' lang='lat'><strong>316)</strong></span> <span class='ocrx_word' id='word_1_142' title='bbox 1171 2623 1208 2664; x_wconf 92' lang='lat' dir='ltr'>se</span> <span class='ocrx_word' id='word_1_143' title='bbox 1245 2600 1298 2664; x_wconf 91' lang='lat' dir='ltr'>ad·</span> 
     </span>
     <span class='ocr_line' id='line_1_23' title="bbox 128 2717 1298 2802; baseline -0.001 -21"><span class='ocrx_word' id='word_1_144' title='bbox 128 2717 318 2782; x_wconf 87' lang='lat' dir='ltr'>iunxerunt.</span> <span class='ocrx_word' id='word_1_145' title='bbox 365 2719 516 2782; x_wconf 89' lang='lat' dir='ltr'>Konstas</span> <span class='ocrx_word' id='word_1_146' title='bbox 545 2720 730 2802; x_wconf 87' lang='lat' dir='ltr'>contendit,</span> <span class='ocrx_word' id='word_1_147' title='bbox 760 2719 909 2784; x_wconf 91' lang='lat' dir='ltr'>tabulam</span> <span class='ocrx_word' id='word_1_148' title='bbox 932 2717 1033 2782; x_wconf 88' lang='lat' dir='ltr'>Iliadi</span> <span class='ocrx_word' id='word_1_149' title='bbox 1058 2717 1204 2781; x_wconf 90' lang='lat' dir='ltr'>Homeri</span> <span class='ocrx_word' id='word_1_150' title='bbox 1233 2738 1298 2780; x_wconf 90' lang='lat' dir='ltr'>non</span> 
     </span>
     <span class='ocr_line' id='line_1_24' title="bbox 127 2832 1299 2919; baseline -0.002 -22"><span class='ocrx_word' id='word_1_151' title='bbox 127 2833 341 2919; x_wconf 87' lang='lat' dir='ltr'>respondere,</span> <span class='ocrx_word' id='word_1_152' title='bbox 369 2841 470 2918; x_wconf 90' lang='lat' dir='ltr'>atque</span> <span class='ocrx_word' id='word_1_153' title='bbox 498 2857 568 2898; x_wconf 91' lang='lat' dir='ltr'>rem</span> <span class='ocrx_word' id='word_1_154' title='bbox 593 2835 633 2898; x_wconf 91' lang='lat' dir='ltr'>ab</span> <span class='ocrx_word' id='word_1_155' title='bbox 658 2834 787 2898; x_wconf 89' lang='lat' dir='ltr'>artifice</span> <span class='ocrx_word' id='word_1_156' title='bbox 815 2834 857 2899; x_wconf 91' lang='lat' dir='ltr'>ad</span> <span class='ocrx_word' id='word_1_157' title='bbox 886 2856 985 2898; x_wconf 91' lang='lat' dir='ltr'>suum</span> <span class='ocrx_word' id='word_1_158' title='bbox 1015 2832 1197 2897; x_wconf 88' lang='lat' dir='ltr'>arbitrium</span> <span class='ocrx_word' id='word_1_159' title='bbox 1228 2855 1299 2897; x_wconf 88' lang='lat' dir='ltr'>esse</span> 
     </span>
     <span class='ocr_line' id='line_1_25' title="bbox 127 2949 1299 3035; baseline 0.001 -23"><span class='ocrx_word' id='word_1_160' title='bbox 127 2957 316 3014; x_wconf 85' lang='lat' dir='ltr'>tractatam.</span> <span class='ocrx_word' id='word_1_161' title='bbox 353 2950 562 3033; x_wconf 86' lang='lat' dir='ltr'>Schreibero,</span> <span class='ocrx_word' id='word_1_162' title='bbox 588 2951 645 3035; x_wconf 92' lang='lat' dir='ltr'>qui</span> <span class='ocrx_word' id='word_1_163' title='bbox 663 2952 804 3023; x_wconf 85' lang='lat' dir='ltr'>censuit,</span> <span class='ocrx_word' id='word_1_164' title='bbox 829 2974 847 3014; x_wconf 93' lang='lat' dir='ltr'>e</span> <span class='ocrx_word' id='word_1_165' title='bbox 869 2949 1090 3034; x_wconf 88' lang='lat' dir='ltr'>dispositione</span> <span class='ocrx_word' id='word_1_166' title='bbox 1107 2949 1299 3034; x_wconf 86' lang='lat' dir='ltr'>imaginum</span> 
     </span>
     <span class='ocr_line' id='line_1_26' title="bbox 128 3065 1299 3151; baseline 0.001 -23"><span class='ocrx_word' id='word_1_167' title='bbox 128 3066 287 3149; x_wconf 86' lang='lat' dir='ltr'>colligere</span> <span class='ocrx_word' id='word_1_168' title='bbox 315 3089 383 3130; x_wconf 91' lang='lat' dir='ltr'>non</span> <span class='ocrx_word' id='word_1_169' title='bbox 412 3067 524 3148; x_wconf 92' lang='lat' dir='ltr'>licere,</span> <span class='ocrx_word' id='word_1_170' title='bbox 557 3067 723 3151; x_wconf 92' lang='lat' dir='ltr'>quomodo</span> <span class='ocrx_word' id='word_1_171' title='bbox 752 3067 907 3150; x_wconf 89' lang='lat' dir='ltr'>singulae</span> <span class='ocrx_word' id='word_1_172' title='bbox 942 3072 1055 3151; x_wconf 89' lang='lat' dir='ltr'>partes</span> <span class='ocrx_word' id='word_1_173' title='bbox 1083 3065 1299 3150; x_wconf 91' lang='lat' dir='ltr'>Iliupersidis</span> 
     </span>
     <span class='ocr_line' id='line_1_27' title="bbox 129 3181 1299 3268; baseline -0.001 -23"><span class='ocrx_word' id='word_1_174' title='bbox 129 3181 362 3246; x_wconf 86' lang='lat' dir='ltr'>Stesichoreae</span> <span class='ocrx_word' id='word_1_175' title='bbox 376 3183 465 3246; x_wconf 91' lang='lat' dir='ltr'>inter</span> <span class='ocrx_word' id='word_1_176' title='bbox 478 3205 512 3247; x_wconf 90' lang='lat' dir='ltr'>se</span> <span class='ocrx_word' id='word_1_177' title='bbox 525 3183 761 3266; x_wconf 86' lang='lat' dir='ltr'>cohaesissent,</span> <span class='ocrx_word' id='word_1_178' title='bbox 774 3183 875 3268; x_wconf 90' lang='lat' dir='ltr'>plane</span> <span class='ocrx_word' id='word_1_179' title='bbox 891 3182 1048 3246; x_wconf 89' lang='lat' dir='ltr'>assentiri</span> <span class='ocrx_word' id='word_1_180' title='bbox 1064 3203 1132 3246; x_wconf 90' lang='lat' dir='ltr'>non</span> <span class='ocrx_word' id='word_1_181' title='bbox 1150 3204 1299 3264; x_wconf 89' lang='lat' dir='ltr'>possum.</span> 
     </span>
     <span class='ocr_line' id='line_1_28' title="bbox 127 3297 1300 3384; baseline 0 -23"><span class='ocrx_word' id='word_1_182' title='bbox 127 3320 204 3361; x_wconf 90' lang='lat' dir='ltr'>nam</span> <span class='ocrx_word' id='word_1_183' title='bbox 229 3320 306 3362; x_wconf 93' lang='lat' dir='ltr'>cum</span> <span class='ocrx_word' id='word_1_184' title='bbox 329 3299 462 3363; x_wconf 86' lang='lat' dir='ltr'>tabulae</span> <span class='ocrx_word' id='word_1_185' title='bbox 490 3299 712 3384; x_wconf 86' lang='lat' dir='ltr'>dispositione</span> <span class='ocrx_word' id='word_1_186' title='bbox 740 3307 813 3363; x_wconf 92' lang='lat' dir='ltr'>tum</span> <span class='ocrx_word' id='word_1_187' title='bbox 840 3321 877 3362; x_wconf 92' lang='lat' dir='ltr'>re</span> <span class='ocrx_word' id='word_1_188' title='bbox 904 3298 979 3383; x_wconf 90' lang='lat' dir='ltr'>ipsa</span> <span class='ocrx_word' id='word_1_189' title='bbox 1006 3303 1156 3382; x_wconf 88' lang='lat' dir='ltr'>apparet,</span> <span class='ocrx_word' id='word_1_190' title='bbox 1196 3297 1300 3363; x_wconf 86' lang='lat' dir='ltr'>Stesi-</span> 
     </span>
     <span class='ocr_line' id='line_1_29' title="bbox 128 3413 1298 3500; baseline 0.001 -23"><span class='ocrx_word' id='word_1_191' title='bbox 128 3413 265 3477; x_wconf 88' lang='lat' dir='ltr'>chorum</span> <span class='ocrx_word' id='word_1_192' title='bbox 291 3414 332 3477; x_wconf 91' lang='lat' dir='ltr'>de</span> <span class='ocrx_word' id='word_1_193' title='bbox 356 3438 441 3500; x_wconf 91' lang='lat' dir='ltr'>equo</span> <span class='ocrx_word' id='word_1_194' title='bbox 465 3417 579 3499; x_wconf 88' lang='lat' dir='ltr'>ligneo</span> <span class='ocrx_word' id='word_1_195' title='bbox 603 3417 760 3500; x_wconf 90' lang='lat' dir='ltr'>primum,</span> <span class='ocrx_word' id='word_1_196' title='bbox 789 3414 912 3478; x_wconf 90' lang='lat' dir='ltr'>deinde</span> <span class='ocrx_word' id='word_1_197' title='bbox 929 3414 970 3478; x_wconf 91' lang='lat' dir='ltr'>de</span> <span class='ocrx_word' id='word_1_198' title='bbox 986 3435 1103 3499; x_wconf 89' lang='lat' dir='ltr'>pugna</span> <span class='ocrx_word' id='word_1_199' title='bbox 1119 3421 1298 3493; x_wconf 86' lang='lat' dir='ltr'>nocturna,</span> 
     </span>
     <span class='ocr_line' id='line_1_30' title="bbox 128 3530 1299 3615; baseline 0.003 -23"><span class='ocrx_word' id='word_1_200' title='bbox 128 3538 201 3592; x_wconf 89' lang='lat' dir='ltr'>tum</span> <span class='ocrx_word' id='word_1_201' title='bbox 230 3530 271 3592; x_wconf 88' lang='grc'>116</span> <span class='ocrx_word' id='word_1_202' title='bbox 300 3531 455 3615; x_wconf 88' lang='lat' dir='ltr'>captivis,</span> <span class='ocrx_word' id='word_1_203' title='bbox 488 3532 523 3594; x_wconf 90' lang='lat' dir='ltr'>in</span> <span class='ocrx_word' id='word_1_204' title='bbox 554 3533 649 3596; x_wconf 77' lang='lat' dir='ltr'>exitu</span> <span class='ocrx_word' id='word_1_205' title='bbox 677 3531 824 3615; x_wconf 91' lang='lat' dir='ltr'>denique</span> <span class='ocrx_word' id='word_1_206' title='bbox 860 3530 901 3593; x_wconf 92' lang='lat' dir='ltr'>de</span> <span class='ocrx_word' id='word_1_207' title='bbox 931 3531 1083 3594; x_wconf 82' lang='lat' dir='ltr'>discessu</span> <span class='ocrx_word' id='word_1_208' title='bbox 1112 3530 1299 3615; x_wconf 88' lang='lat' dir='ltr'>scripsisse,</span> 
     </span>
     <span class='ocr_line' id='line_1_31' title="bbox 127 3645 1299 3729; baseline 0.003 -21"><span class='ocrx_word' id='word_1_209' title='bbox 127 3645 163 3708; x_wconf 88' lang='lat' dir='ltr'>in</span> <span class='ocrx_word' id='word_1_210' title='bbox 188 3668 328 3729; x_wconf 91' lang='lat' dir='ltr'>quarum</span> <span class='ocrx_word' id='word_1_211' title='bbox 352 3669 464 3710; x_wconf 91' lang='lat' dir='ltr'>rerum</span> <span class='ocrx_word' id='word_1_212' title='bbox 488 3670 641 3711; x_wconf 83' lang='lat' dir='ltr'>connexu</span> <span class='ocrx_word' id='word_1_213' title='bbox 665 3647 798 3711; x_wconf 90' lang='lat' dir='ltr'>tabulae</span> <span class='ocrx_word' id='word_1_214' title='bbox 814 3648 938 3710; x_wconf 81' lang='lat' dir='ltr'>artifex</span> <span class='ocrx_word' id='word_1_215' title='bbox 961 3645 1047 3708; x_wconf 88' lang='lat' dir='ltr'>nihil</span> <span class='ocrx_word' id='word_1_216' title='bbox 1072 3668 1132 3710; x_wconf 91' lang='lat' dir='ltr'>suo</span> <span class='ocrx_word' id='word_1_217' title='bbox 1158 3646 1299 3712; x_wconf 86' lang='lat' dir='ltr'>arbitrio</span> 
     </span>
    </p>
   </div>
   <div class='ocr_carea' id='block_1_8' title="bbox 126 3830 1300 4346">
    <p class='ocr_par' dir='ltr' id='par_1_9' title="bbox 126 3830 1300 4346">
     <span class='ocr_line' id='line_1_32' title="bbox 127 3830 1300 3902; baseline -0.001 -18"><span class='ocrx_word' id='word_1_218' title='bbox 127 3848 223 3884; x_wconf 80' lang='lat' dir='ltr'>causas</span> <span class='ocrx_word' id='word_1_219' title='bbox 232 3848 296 3884; x_wconf 77' lang='lat' dir='ltr'>roro</span> <span class='ocrx_word' id='word_1_220' title='bbox 305 3848 360 3884; x_wconf 88' lang='lat' dir='ltr'>non</span> <span class='ocrx_word' id='word_1_221' title='bbox 372 3831 487 3901; x_wconf 87' lang='lat' dir='ltr'>protulit</span> <span class='ocrx_word' id='word_1_222' title='bbox 492 3849 498 3896; x_wconf 92' lang='lat'>;</span> <span class='ocrx_word' id='word_1_223' title='bbox 518 3837 608 3902; x_wconf 81' lang='lat' dir='ltr'>sperat</span> <span class='ocrx_word' id='word_1_224' title='bbox 617 3832 688 3884; x_wconf 88' lang='grc'><strong>6111111</strong></span> <span class='ocrx_word' id='word_1_225' title='bbox 700 3830 874 3901; x_wconf 81' lang='grc'><strong>(11.3)111111116</strong></span> <span class='ocrx_word' id='word_1_226' title='bbox 887 3848 980 3899; x_wconf 85' lang='lat' dir='ltr'>usquc,</span> <span class='ocrx_word' id='word_1_227' title='bbox 990 3845 1054 3882; x_wconf 89' lang='lat' dir='ltr'>mox</span> <span class='ocrx_word' id='word_1_228' title='bbox 1068 3830 1209 3900; x_wconf 86' lang='lat' dir='ltr'>copiosius</span> <span class='ocrx_word' id='word_1_229' title='bbox 1220 3837 1300 3902; x_wconf 84' lang='lat' dir='ltr'>atque</span> 
     </span>
     <span class='ocr_line' id='line_1_33' title="bbox 127 3919 1299 3990; baseline 0.002 -17"><span class='ocrx_word' id='word_1_230' title='bbox 127 3921 280 3973; x_wconf 79' lang='lat' dir='ltr'>accuratius</span> <span class='ocrx_word' id='word_1_231' title='bbox 298 3920 332 3974; x_wconf 92' lang='lat' dir='ltr'>de</span> <span class='ocrx_word' id='word_1_232' title='bbox 349 3921 450 3973; x_wconf 80' lang='lat' dir='ltr'>falmlis</span> <span class='ocrx_word' id='word_1_233' title='bbox 470 3921 504 3973; x_wconf 90' lang='lat' dir='ltr'>ad</span> <span class='ocrx_word' id='word_1_234' title='bbox 524 3920 711 3990; x_wconf 82' lang='lat' dir='ltr'>Iliupersidcur</span> <span class='ocrx_word' id='word_1_235' title='bbox 731 3920 931 3990; x_wconf 77' lang='lat' dir='ltr'>pertinentibus</span> <span class='ocrx_word' id='word_1_236' title='bbox 950 3937 977 3971; x_wconf 88' lang='lat' dir='ltr'>sc</span> <span class='ocrx_word' id='word_1_237' title='bbox 996 3919 1206 3989; x_wconf 86' lang='lat' dir='ltr'>disputaturum</span> <span class='ocrx_word' id='word_1_238' title='bbox 1226 3934 1299 3975; x_wconf 71' lang='lat' dir='ltr'>csse!</span> 
     </span>
     <span class='ocr_line' id='line_1_34' title="bbox 127 4008 1299 4080; baseline -0.002 -17"><span class='ocrx_word' id='word_1_239' title='bbox 127 4011 444 4065; x_wconf 61' lang='grc' dir='ltr'><strong>111166166116111Χ1111611,</strong></span> <span class='ocrx_word' id='word_1_240' title='bbox 457 4010 559 4064; x_wconf 77' lang='lat' dir='ltr'>(herste</span> <span class='ocrx_word' id='word_1_241' title='bbox 568 4011 665 4062; x_wconf 70' lang='grc' dir='ltr'>Δ1611616</span> <span class='ocrx_word' id='word_1_242' title='bbox 671 4010 787 4078; x_wconf 84' lang='lat' dir='ltr'>Vorgils,</span> <span class='ocrx_word' id='word_1_243' title='bbox 800 4010 896 4062; x_wconf 81' lang='lat' dir='ltr'>Herm.</span> <span class='ocrx_word' id='word_1_244' title='bbox 908 4008 1035 4067; x_wconf 74' lang='lat' dir='ltr'>XXVII,</span> <span class='ocrx_word' id='word_1_245' title='bbox 1050 4009 1126 4073; x_wconf 69' lang='lat'>1892,</span> <span class='ocrx_word' id='word_1_246' title='bbox 1139 4027 1167 4078; x_wconf 88' lang='lat' dir='ltr'>p.</span> <span class='ocrx_word' id='word_1_247' title='bbox 1179 4012 1232 4063; x_wconf 76' lang='grc'>107</span> <span class='ocrx_word' id='word_1_248' title='bbox 1245 4029 1299 4080; x_wconf 83' lang='lat' dir='ltr'>sqq.</span> 
     </span>
     <span class='ocr_line' id='line_1_35' title="bbox 127 4098 1299 4170; baseline -0.001 -17"><span class='ocrx_word' id='word_1_249' title='bbox 127 4112 153 4153; x_wconf 82' lang='lat' dir='ltr'>ct</span> <span class='ocrx_word' id='word_1_250' title='bbox 163 4100 268 4155; x_wconf 79' lang='lat' dir='ltr'>Noack.</span> <span class='ocrx_word' id='word_1_251' title='bbox 279 4100 387 4152; x_wconf 85' lang='lat' dir='ltr'>Hclona</span> <span class='ocrx_word' id='word_1_252' title='bbox 396 4100 437 4152; x_wconf 85' lang='grc'><strong>1161</strong></span> <span class='ocrx_word' id='word_1_253' title='bbox 445 4100 548 4168; x_wconf 73' lang='lat' dir='ltr'>Vergil,</span> <span class='ocrx_word' id='word_1_254' title='bbox 558 4099 611 4151; x_wconf 88' lang='lat' dir='ltr'>Rh.</span> <span class='ocrx_word' id='word_1_255' title='bbox 622 4099 694 4151; x_wconf 79' lang='lat' dir='ltr'>llus.</span> <span class='ocrx_word' id='word_1_256' title='bbox 705 4099 740 4153; x_wconf 79' lang='lat' dir='ltr'>N.</span> <span class='ocrx_word' id='word_1_257' title='bbox 752 4098 784 4150; x_wconf 87' lang='lat' dir='ltr'>F.</span> <span class='ocrx_word' id='word_1_258' title='bbox 795 4101 841 4159; x_wconf 66' lang='lat'>483</span> <span class='ocrx_word' id='word_1_259' title='bbox 858 4100 933 4162; x_wconf 73' lang='grc'><strong>18113,</strong></span> <span class='ocrx_word' id='word_1_260' title='bbox 947 4116 973 4168; x_wconf 90' lang='grc'>11.</span> <span class='ocrx_word' id='word_1_261' title='bbox 984 4098 1037 4149; x_wconf 66' lang='lat' dir='ltr'>tro</span> <span class='ocrx_word' id='word_1_262' title='bbox 1047 4115 1105 4166; x_wconf 90' lang='lat' dir='ltr'>sqq.</span> <span class='ocrx_word' id='word_1_263' title='bbox 1124 4130 1152 4138; x_wconf 85' lang='lat'>—</span> <span class='ocrx_word' id='word_1_264' title='bbox 1169 4101 1235 4168; x_wconf 75' lang='lat'>201)</span> <span class='ocrx_word' id='word_1_265' title='bbox 1251 4102 1299 4170; x_wconf 71' lang='lat' dir='ltr'>Ly-</span> 
     </span>
     <span class='ocr_line' id='line_1_36' title="bbox 127 4186 1300 4261; baseline -0.002 -19"><span class='ocrx_word' id='word_1_266' title='bbox 127 4189 225 4242; x_wconf 86' lang='lat' dir='ltr'>saudcr</span> <span class='ocrx_word' id='word_1_267' title='bbox 238 4190 272 4242; x_wconf 76' lang='lat' dir='ltr'>G.</span> <span class='ocrx_word' id='word_1_268' title='bbox 283 4188 385 4242; x_wconf 82' lang='lat' dir='ltr'>Chadzi</span> <span class='ocrx_word' id='word_1_269' title='bbox 399 4189 528 4253; x_wconf 83' lang='lat' dir='ltr'>Konstas,</span> <span class='ocrx_word' id='word_1_270' title='bbox 542 4189 682 4258; x_wconf 86' lang='lat' dir='ltr'>lliupcrsis</span> <span class='ocrx_word' id='word_1_271' title='bbox 696 4187 767 4240; x_wconf 91' lang='lat' dir='ltr'>uach</span> <span class='ocrx_word' id='word_1_272' title='bbox 780 4186 858 4252; x_wconf 70' lang='lat' dir='ltr'>Stes,</span> <span class='ocrx_word' id='word_1_273' title='bbox 871 4187 935 4239; x_wconf 90' lang='lat' dir='ltr'>diss.</span> <span class='ocrx_word' id='word_1_274' title='bbox 946 4187 1020 4257; x_wconf 80' lang='lat' dir='ltr'>lips.</span> <span class='ocrx_word' id='word_1_275' title='bbox 1033 4188 1110 4240; x_wconf 77' lang='grc'><strong>18111.</strong></span> <span class='ocrx_word' id='word_1_276' title='bbox 1125 4220 1160 4226; x_wconf 91' lang='grc'><strong>-</strong></span> <span class='ocrx_word' id='word_1_277' title='bbox 1174 4190 1241 4261; x_wconf 74' lang='lat'>202)</span> <span class='ocrx_word' id='word_1_278' title='bbox 1256 4192 1300 4244; x_wconf 81' lang='lat' dir='ltr'>Ri-</span> 
     </span>
     <span class='ocr_line' id='line_1_37' title="bbox 126 4276 1300 4346; baseline 0.003 -13"><span class='ocrx_word' id='word_1_279' title='bbox 126 4280 198 4333; x_wconf 75' lang='grc'><strong>11616</strong></span> <span class='ocrx_word' id='word_1_280' title='bbox 211 4279 239 4332; x_wconf 91' lang='lat' dir='ltr'>di</span> <span class='ocrx_word' id='word_1_281' title='bbox 252 4279 336 4331; x_wconf 86' lang='lat' dir='ltr'>storia</span> <span class='ocrx_word' id='word_1_282' title='bbox 349 4279 447 4344; x_wconf 88' lang='lat' dir='ltr'>antica,</span> <span class='ocrx_word' id='word_1_283' title='bbox 461 4279 594 4332; x_wconf 79' lang='lat' dir='ltr'>Messinao</span> <span class='ocrx_word' id='word_1_284' title='bbox 609 4279 685 4342; x_wconf 73' lang='lat'>1895,</span> <span class='ocrx_word' id='word_1_285' title='bbox 700 4278 723 4342; x_wconf 88' lang='lat' dir='ltr'>l,</span> <span class='ocrx_word' id='word_1_286' title='bbox 740 4277 815 4342; x_wconf 74' lang='grc'><strong>1-2,</strong></span> <span class='ocrx_word' id='word_1_287' title='bbox 828 4278 859 4331; x_wconf 89' lang='grc' dir='ltr'>Ε.</span> <span class='ocrx_word' id='word_1_288' title='bbox 870 4278 961 4343; x_wconf 88' lang='lat' dir='ltr'>Rizzo,</span> <span class='ocrx_word' id='word_1_289' title='bbox 974 4276 1110 4346; x_wconf 77' lang='lat' dir='ltr'>questioni</span> <span class='ocrx_word' id='word_1_290' title='bbox 1121 4280 1300 4335; x_wconf 69' lang='lat' dir='ltr'>b&#39;tcsichoree.</span> 
     </span>
    </p>
   </div>
   <div class='ocr_carea' id='block_1_9' title="bbox 0 0 1440 4912">
    <p class='ocr_par' dir='ltr' id='par_1_10' title="bbox 0 0 1440 4912">
     <span class='ocr_line' id='line_1_38' title="bbox 0 0 1440 4912; baseline 0 0"><span class='ocrx_word' id='word_1_291' title='bbox 0 0 1440 4912; x_wconf 95' lang='lat' dir='ltr'> </span> 
     </span>
    </p>
   </div>
  </div>
 </body>
</html>
